3292 5200
726 411 943 477 ..22-

251 595 315 640 nou
334 575 520 657 probaretur.
565 574 667 656 ltaque
695 575 808 636 rectius
835 575 968 636 dicamus
997 577 1154 656 utriusque
1182 593 1317 637 errorem
1345 575 1421 638 indi-

251 675 320 736 dem
342 675 472 736 fluxisse.

342 772 620 835 Catasterismorum
643 775 801 833 consensio
824 773 971 852 quomodo
995 772 1168 852 explicanda
1191 775 1244 855 sit,
1269 775 1301 834 in
1323 774 1421 835 medio

256 870 401 949 relinquo.
443 870 527 952 Nam,
550 888 618 931 cum
640 869 683 931 ibi
705 870 814 931 multae
837 870 926 932 huius
949 879 1054 950 poetae
1075 869 1189 932 lahulae
1207 864 1348 954 partim1)
1372 871 1423 931 de·

254 971 314 1031 sint
344 962 486 1052 partim²)
517 967 604 1028 aliter
633 975 805 1049 narrentur,
837 967 974 1030 Manilius
1006 976 1057 1029 aut
1088 968 1179 1029 alium
1208 975 1327 1048 praeter
1356 967 1424 1029 illos

253 1067 365 1128 iontem
387 1066 523 1126 hausisse
546 1072 645 1144 potest
668 1072 718 1126 aut
740 1066 868 1126 eundem
891 1074 979 1145 atque
1002 1065 1053 1127 illi.

343 1162 461 1224 Scholia
488 1181 606 1242 quoque
629 1161 735 1224 Aratea
764 1171 793 1224 et
819 1171 937 1242 poetam
966 1163 1175 1243 aliquomodo
1199 1162 1424 1224 cohaerereia-

193 1329 195 1336 ,
254 1259 333 1321 bulis
361 1260 480 1339 quidem
508 1262 580 1321 satis
608 1259 728 1339 planum
756 1261 823 1321 fieri
850 1263 996 1342 nequivit,
1028 1279 1206 1341 quamquam
1233 1254 1424 1344 maximam³)

255 1377 356 1420 earum
372 1364 486 1437 partem
502 1356 747 1438 complectuntur,
767 1357 819 1418 sed
833 1366 1049 1439 argumentum,
1068 1377 1127 1438 quo
1145 1358 1176 1418 id
1195 1359 1425 1439 demonstretur,

254 1463 375 1537 praesto
399 1462 453 1516 est.
497 1455 755 1534 Bellerophontem
778 1458 867 1536 enim,
891 1459 1000 1536 quippe
1020 1458 1069 1517 cui
1086 1474 1183 1534 neque
1202 1473 1309 1516 currus
1327 1473 1425 1534 neque

255 1556 326 1634 equi
349 1553 517 1632 quadriiugi
540 1553 675 1633 inissent,
698 1551 753 1613 suh
771 1552 897 1632 Aurigae
921 1554 1018 1613 sidere
1041 1555 1173 1632 genitum
1192 1552 1264 1613 falso
1283 1553 1424 1614 inducere

254 1651 407 1713 Manilium
432 1644 470 1733 (V
493 1644 551 1733 97)
579 1658 764 1730 putaremus,
791 1652 851 1711 nisi
877 1650 966 1711 verba
991 1651 1073 1712 Arati
1101 1650 1275 1711 scholiastae
1300 1644 1340 1733 (v.
1361 1648 1422 1712 161

255 1769 283 1829 p.
303 1746 378 1828 368,
398 1741 454 1831 12)
478 1748 620 1809 docerent
639 1747 751 1827 aliquot
768 1746 952 1827 mythologos
970 1750 1027 1808 hoc
1047 1748 1129 1809 sidus
1147 1748 1183 1809 ad
1203 1747 1285 1808 illum
1304 1748 1426 1809 heroem

258 1845 419 1907 rettulisse.
456 1844 594 1907 Manilius
608 1847 700 1924 igitur
713 1846 793 1906 huno
807 1848 1053 1927 catasterismum,
1071 1863 1159 1925 quem
1174 1845 1329 1906 scholiasta
1345 1845 1425 1905 solus

258 1950 478 2023 commemorat,
492 1943 569 2022 apud
584 1942 666 2003 illum
682 1944 781 2022 ipsum
796 1945 909 2003 invenit
921 1950 972 2003 aut
981 1944 1058 2023 apud
1069 1961 1257 2004 communem
1266 1951 1425 2004 auctorem.

345 2040 425 2100 Haec
453 2047 536 2121 sunt,
564 2058 638 2119 quae
667 2059 683 2100 e
712 2039 819 2101 fabulis
847 2040 883 2100 de
909 2043 975 2102 eius
998 2041 1130 2103 lontibus
1153 2043 1270 2119 exquiri
1292 2047 1426 2120 possunt.

260 2138 409 2209 Quantum
428 2157 461 2198 ea
480 2137 607 2217 probent
625 2145 655 2197 et
673 2137 812 2199 adiuvent
824 2136 926 2198 Manili
944 2140 1039 2217 ipsius
1057 2139 1156 2218 rerba,
1174 2142 1233 2198 iam
1250 2145 1426 2217 spectemus.

346 2234 427 2294 Nihil
445 2235 556 2296 iaciunt
575 2235 633 2295 huc
652 2253 695 2315 ea,
714 2234 822 2314 quihus
840 2237 1092 2297 enumerationem
1108 2235 1240 2296 siderum
1255 2233 1426 2295 australium

258 2334 324 2394 iinit
346 2330 443 2394 1446
467 2329 561 2403 ‘Quae
584 2335 665 2394 notia
688 2335 803 2411 antiqui
823 2333 963 2393 dixerunt
981 2334 1079 2394 sidera
1097 2328 1200 2414 vates’,
1224 2335 1332 2412 quippe
1352 2349 1426 2411 quae

258 2431 295 2492 ad
317 2423 472 2512 41010104)
497 2438 547 2491 aut
569 2423 714 2512 poetas5),
737 2432 789 2509 qui
811 2437 879 2508 post
902 2430 984 2491 illum
1009 2431 1137 2511 luerunt,
1160 2430 1298 2491 alludant.

347 2526 471 2587 Gravius
495 2527 565 2587 libri
589 2526 711 2589 secundi
735 2527 888 2587 exordium
913 2546 978 2588 esse
1002 2528 1127 2590 videtur.
1169 2528 1212 2589 Ibi
1235 2529 1315 2587 enim
1336 2526 1427 2587 Mani-

257 2626 316 2686 lius
340 2627 404 2704 ipse
429 2642 497 2684 cum
520 2624 585 2684 aliis
608 2627 705 2704 poetis
728 2631 790 2685 tum
814 2627 868 2704 eis,
892 2627 943 2703 qui
967 2625 1064 2686 sidera
1087 2624 1185 2705 aliquo
1210 2625 1296 2686 modo
1316 2624 1427 2684 descri-
1494 2683 1499 2694 ,

258 2723 334 2783 bunt
357 2728 387 2782 et
410 2739 512 2781 eorum
536 2722 646 2801 figuras
670 2720 777 2783 tabulis
800 2721 956 2803 explicant,
980 2741 1012 2783 se
1036 2725 1159 2803 opponit
1181 2723 1229 2783 his
1254 2721 1400 2798 versibus:

308 2833 396 2898 1125
419 2837 573 2898 detrorum
597 2837 717 2916 quidam
740 2839 835 2898 varias
858 2837 959 2899 dixere
982 2839 1101 2919 figuras,

419 2935 567 3014 Signaque
591 2933 698 2996 diiluso
721 2937 833 3014 passim
856 2934 984 2996 labentia
1008 2935 1088 2996 caelo

417 3032 451 3092 ln
475 3034 629 3111 proprium
652 3035 797 3111 cuiusque
821 3051 914 3110 genus
938 3050 1101 3112 causasque
1123 3033 1232 3094 tulere:

418 3129 503 3190 Persi
525 3137 555 3191 et
577 3129 780 3191 Andromedae
804 3148 916 3207 poenas
939 3137 1121 3209 matremque
1146 3131 1294 3191 dolentem
1379 3149 1423 3156 ···

419 3227 647 3306 Solventcmque
670 3233 794 3307 patrem,
818 3235 990 3306 raptamque
1014 3226 1147 3307 Lycaone
1171 3237 1269 3289 natam

353 3323 397 3388 30
420 3325 584 3403 Officioque
606 3324 684 3384 lovis
708 3324 898 3406 Cynosuram,
922 3324 995 3385 tacte
1020 3325 1167 3405 Capellam

259 3456 474 3470 μ--ι--ῄ-

260 3535 362 3586 sonant
385 3530 419 3584 cf.
440 3529 530 3584 Germ.
549 3548 573 3583 v.
594 3535 641 3597 453
664 3530 760 3584 Avien.
782 3535 846 3598 1363
869 3531 915 3584 Ax.
935 3549 959 3583 v.
979 3536 1026 3599 423
1049 3531 1096 3584 Ar.
1115 3531 1200 3585 schol.
1219 3550 1247 3600 p.
1268 3535 1328 3598 349,
1346 3537 1371 3584 4.
1395 3561 1428 3570 -

259 3613 301 3666 De
321 3610 461 3666 sententia
480 3610 667 3664 astronomica
685 3610 725 3664 eis
744 3611 884 3664 communi
902 3610 976 3664 infra
994 3611 1087 3664 dicam
1104 3629 1131 3679 p.
1148 3615 1189 3664 35.

350 3693 376 3760 1)
394 3690 539 3759 Erigones,
558 3689 688 3755 Piscium,
707 3690 914 3760 (Geminorum).

349 3773 376 3841 2)
395 3770 480 3835 Arae,
501 3768 637 3836 Coronae,
657 3768 760 3837 Oloris,
779 3770 872 3824 Tauri.
893 3802 926 3810 —
946 3769 1062 3824 Cosmae
1080 3771 1244 3824 collectione
1262 3770 1332 3824 haec
1351 3767 1429 3824 diffe-

260 3851 352 3905 rentia
369 3868 426 3905 non
443 3849 579 3902 minuitur
598 3850 632 3903 cf.
647 3869 674 3919 p.
690 3857 723 3904 47
734 3868 774 3918 sq.

350 3932 377 4001 3)
396 3930 537 3985 Omittunt
549 3929 669 3997 fabulas,
689 3947 761 3998 quae
776 3932 841 3984 sunt
855 3930 889 3982 de
904 3929 975 3983 Ursa
988 3928 1103 3995 minore,
1122 3928 1226 3996 Aquila
1239 3927 1429 3995 Piscibusque,

261 4015 290 4066 et
308 4010 488 4065 Geminorum
510 4010 777 4079 interpretationem.
815 4009 888 4063 Nam
911 4009 1046 4079 Erigones
1069 4008 1168 4062 fabula
1190 4009 1220 4061 in
1242 4007 1356 4062 scholiis
1379 4007 1430 4062 ali-

262 4091 374 4160 quando
393 4090 509 4144 exstitit.
542 4089 581 4143 At
598 4089 763 4144 Erichthoni
781 4105 882 4142 nomen
902 4106 937 4143 an
956 4105 971 4142 e
985 4088 1082 4142 multis
1097 4104 1163 4142 casu
1177 4087 1313 4142 exciderit
1329 4091 1362 4160 (v.
1379 4092 1428 4140 161

260 4190 288 4240 p.
304 4173 365 4240 368)
384 4170 484 4224 nescio.

350 4252 377 4320 4)
397 4255 447 4304 319
459 4267 518 4318 sqq.
545 4249 580 4304 de
598 4249 718 4304 Homero
737 4265 771 4303 ea
790 4249 925 4315 conferas,
945 4265 1017 4318 quae
1036 4248 1116 4304 Arati
1135 4247 1292 4302 scholiasta·
1306 4246 1376 4301 dicit
1394 4245 1431 4300 ad

259 4348 284 4384 v.
300 4335 351 4384 322
369 4348 396 4398 p.
412 4334 472 4383 404.

314 4455 316 4459 ,
350 4411 376 4479 5)
396 4409 537 4478 Sphaerae
556 4426 579 4460 v.
596 4413 629 4462 47
640 4425 680 4476 sq.
708 4409 840 4463 Eudoxus
859 4425 969 4478 quoque
988 4412 1017 4463 et
1030 4408 1197 4463 Posidonius
1214 4408 1306 4462 sidera
1320 4408 1431 4475 septen-

260 4488 394 4544 trionalia
412 4489 448 4543 ab
463 4487 633 4544 australibus
648 4489 826 4560 distinguunt
844 4489 878 4544 cf.
894 4489 977 4560 Hipp.
992 4489 1044 4555 12,
1061 4493 1094 4548 17
1113 4491 1143 4543 et
1160 4487 1267 4544 Gemin.
1282 4487 1320 4542 111
1333 4491 1431 4542 8-13.
