3292 5200
740 393 960 460 ...32-

267 566 404 638 respecto
432 557 482 619 illo
510 559 542 618 in
568 556 699 619 borealia
727 565 757 620 et
779 557 927 620 australia.
972 555 1077 647 ltidem
1100 556 1232 636 disponit
1254 549 1440 640 Geminus¹),

267 658 319 735 qui
349 658 438 717 etiam
466 657 497 716 in
525 655 629 717 ordine
657 656 736 736 ipso,
767 658 793 716 si
819 673 880 716 non
907 662 970 716 toto
998 661 1028 714 at
1054 671 1109 733 per
1136 656 1294 716 maximam
1321 662 1439 734 partem

267 755 412 832 congruit
453 752 543 815 Ecce:

786 1000 919 1062 Borealia

400 1143 568 1205 liemarus
591 1143 605 1203 1
627 1140 693 1206 275
703 1162 767 1223 sqq.
1077 1142 1233 1205 comus
1256 1141 1296 1203 111
1319 1141 1348 1205 8.

292 1295 385 1356 Ursae
986 1291 1078 1358 Ursae

294 1383 388 1445 Draco
498 1383 575 1445 Aret
987 1381 1081 1446 Draco

267 1469 456 1552 †Geniculus
1032 1505 1073 1516 -
1226 1514 1299 1596 Hm·

293 1560 401 1621 Bootes
987 1561 1095 1622 Bootes

295 1648 408 1710 Corona
987 1648 1102 1711 Corona

338 1771 381 1780 —
959 1733 1149 1817 †Geniculns

278 1826 370 1974 (Idyia
411 1914 468 1976 hus
969 1825 1159 1975 (IDpthchus
1351 1823 1443 1904 Hipp.

211 2083 213 2087 v
295 1933 411 2082 cicili
988 1934 1104 2083 sitnm
1197 1912 1299 2072 (1153.

295 2091 407 2171 Sagitta
988 2092 1100 2171 Sagitta

988 2263 1151 2347 Delphinus

988 2355 1067 2417 licus
1074 2349 1100 2440 ²)

294 2267 457 2348 Delphinus

294 2356 373 2418 Ecus

267 2443 430 2506 *Deltoton

293 2179 398 2259 Aquila
509 2179 595 2260 Hipp.
611 2105 625 2510 }
988 2179 1093 2259 Aquila
1226 2222 1253 2282 H

641 2267 712 2348 Hyg.
727 2267 754 2328 ll
770 2265 787 2328 1
1255 2241 1299 2303 ig'

295 2534 430 2614 Cepheus
515 2581 518 2588 .
788 2548 802 2952 (
988 2533 1124 2613 Cepheus

278 2622 434 2702 'Cassiope
525 2622 603 2683 Aret.
623 2622 709 2701 Hipp.

294 2711 481 2772 Andromeda

296 2798 424 2903 Perseus
615 2889 622 2904 ·
656 2798 772 2966 (Hipp.

296 2889 405 2967 Auriga
428 2883 511 2970 (cum
531 2886 640 2948 Hecdrs

296 2969 587 3146 Pliadegtliiideita)
963 3063 1125 3126 *Deltoton
1227 3061 1299 3144 llyg.

932 2666 946 2726 Ι
989 2622 1128 2701 Cassiope
1322 2529 1441 2792 lllipp.

817 2666 937 2817 {5⁸⁸1}
988 2709 1174 2770 Andromeda
1227 2709 1299 2790 Hyg.

850 2789 892 2798 ”“
988 2798 1116 2903 Perseus
1323 2798 1441 2966 (Hipp.
1462 2907 1465 2910 Ι

989 2887 1098 2967 Auriga

270 3365 303 3373 -—
322 3333 453 3387 Eudoxus
468 3349 579 3402 quoque
593 3333 638 3404 (cf.
654 3333 739 3403 Hipp.
753 3333 767 3386 Ι
781 3339 806 3401 2,
822 3335 873 3404 17),
888 3333 991 3388 Aratus
1006 3334 1132 3406 (titillat),
1147 3332 1324 3403 Hipparchus
1339 3331 1375 3403 (Π
1388 3339 1441 3401 4,4

269 3412 299 3465 in
318 3413 447 3482 catalogo
467 3413 513 3485 [cf.
529 3413 628 3482 Rehm‚
646 3413 766 3467 Hermae
781 3419 814 3466 34
829 3432 855 3484 p.
872 3420 931 3468 262.
947 3414 1031 3484 256]),
1050 3415 1147 3467 cucur
1166 3413 1307 3483 Sphaerae
1326 3415 1369 3483 (47
1380 3416 1441 3483 sq),

269 3492 397 3562 Hyginus
417 3492 453 3562 (Π
468 3495 502 3562 1),
521 3493 676 3546 Martianus
691 3493 806 3562 Capella
825 3493 899 3563 (VIII
912 3511 939 3563 p.
955 3497 1016 3562 310,
1031 3496 1057 3563 6)
1076 3493 1169 3547 sidera
1182 3492 1316 3562 signifero
1331 3509 1442 3562 separa-

270 3574 381 3637 verunt,
408 3571 458 3626 sed
476 3572 557 3625 illum
576 3572 626 3626 alii
652 3573 805 3643 (Eudoxus,
825 3572 939 3638 Aratus,
964 3572 1098 3643 Sphaera)
1123 3589 1179 3626 non
1205 3574 1365 3643 segregant,
1392 3571 1442 3626 alii

270 3650 470 3720 (Hipparchus,
490 3652 631 3722 Martiam.)
654 3654 719 3721 post
742 3652 836 3706 omnia
860 3653 935 3706 astra
958 3651 1109 3720 collocant,
1133 3651 1182 3706 alii
1201 3652 1350 3722 (Hyginus)
1368 3652 1442 3704 inter

270 3729 396 3783 borealia
411 3733 439 3784 et
453 3730 595 3786 anshalia.
631 3731 728 3785 Altera
741 3733 854 3800 praeter
867 3731 940 3785 hanc
954 3731 1070 3802 partitio
1084 3732 1115 3785 in
1129 3731 1258 3801 catalogo
1273 3732 1441 3800 excerptoris

270 3810 449 3879 Hipparcheo
468 3810 616 3879 iuvenitur,
634 3810 665 3864 in
684 3828 738 3880 quo
757 3811 910 3882 positiones
929 3810 1072 3880 signorum
1088 3813 1117 3864 et
1130 3811 1304 3879 quorundam
1320 3811 1442 3865 siderum

270 3888 459 3959 (Ophiuchum
482 3890 558 3958 dico,
583 3890 684 3958 Ecum,
707 3891 846 3959 Hydram,
871 3890 1014 3957 Orionem,
1037 3891 1219 3960 Antecanem)
1248 3892 1285 3944 ad
1308 3890 1442 3944 circulum

271 3969 506 4036 aequinoctialem
525 3969 702 4024 definiuntur.
736 3969 805 4024 Cum
824 3971 923 4024 eadem
935 3971 966 4023 in
979 3970 1172 4025 Eratosthenis
1187 3986 1298 4039 qnoque
1313 3969 1441 4039 catalogo

271 4048 316 4118 (cf.
335 4049 438 4120 Rehm‚
463 4049 556 4104 Herm.
577 4055 611 4102 34
631 4069 658 4119 p.
679 4052 741 4119 258)
774 4052 803 4103 et
834 4049 944 4118 aliquot
976 4049 1144 4105 scholiorum
1175 4051 1341 4104 Arateorum
1372 4049 1442 4104 locis

271 4129 308 4198 (p.
329 4134 389 4197 381,
404 4136 428 4183 2.
448 4135 508 4196 382,
524 4131 548 4183 l.
568 4135 685 4196 384,16.
705 4134 766 4195 404,
781 4131 826 4199 22)
845 4130 943 4196 exstet,
962 4129 1140 4199 Hipparchus
1158 4130 1269 4183 videtur
1287 4129 1380 4183 sidera
1398 4146 1442 4182 zo-

271 4209 352 4262 diaco
377 4209 504 4263 divisisse
525 4225 676 4278 eorumque
695 4209 764 4262 situs
784 4209 984 4277 aequinoctiali
1003 4209 1069 4263 orbs
1088 4209 1273 4279 significasse,
1297 4212 1442 4278 excerptor

272 4291 366 4343 autem
384 4289 415 4342 in
433 4305 524 4344 errore
543 4289 653 4343 versari.

361 4379 386 4447 1)
405 4377 444 4430 111
462 4383 486 4431 e.
507 4383 548 4432 13.

361 4469 388 4542 2)
406 4467 500 4522 Maass
519 4465 603 4538 (Com.
622 4485 649 4536 p.
669 4465 771 4522 XXVII
789 4471 815 4541 3)
834 4467 938 4524 rectius
956 4466 1075 4524 Manilio
1093 4466 1276 4550 interpnngit.
