3292 5200
441 1271 470 1356 Ι.
497 1273 550 1356 De
578 1271 719 1355 Manili
746 1270 897 1355 fabulis
927 1271 1105 1356 sidereis.

589 1453 627 1519 Α.
651 1454 697 1519 Ile
720 1452 842 1520 fabulis
865 1453 956 1540 ipsis.
1191 1405 1192 1408 a

276 1617 376 1678 Manili
399 1619 587 1696 potissimum
610 1615 718 1677 sabulis
742 1636 810 1678 cum
832 1617 1019 1677 manifestum
1044 1617 1103 1697 liat,
1127 1635 1215 1695 quam
1238 1635 1360 1696 operam

188 1719 219 1776 in
239 1716 451 1776 catasterismis
470 1713 644 1793 colligendis
664 1714 743 1774 docti
761 1713 951 1774 Alexandrini
969 1716 1134 1795 posuerint,
1158 1713 1287 1775 conabor
1305 1715 1360 1776 hac

188 1816 220 1874 in
243 1814 450 1873 dissertatione
474 1814 659 1872 narrationes
684 1811 824 1892 sidereas,
848 1829 922 1890 quae
946 1813 977 1870 in
999 1811 1081 1872 illius
1105 1814 1236 1872 carmine
1256 1830 1361 1872 occur·

188 1918 267 1992 runt,
291 1928 452 1988 congerere
471 1917 501 1970 et
519 1909 677 1988 diligenter
694 1911 879 1988 perquirere.
899 1908 977 1969 'Hac
995 1911 1029 1982 in,
1046 1927 1078 1969 re
1096 1909 1258 1991 tractanda,
1282 1909 1361 1988 quod

188 2009 238 2069 hic
261 2015 348 2087 poeta
371 2006 485 2068 fabulas
508 2008 664 2068 distractas
689 2013 718 2067 et
740 2025 795 2085 per
819 2008 950 2086 quinque
973 2005 1066 2067 libros
1090 2009 1154 2067 sine
1178 2006 1238 2068 ullo
1257 2006 1360 2067 ordine

189 2106 339 2184 dispersas
367 2107 460 2184 magis
489 2105 635 2182 significat
663 2122 750 2183 saepe
779 2102 1001 2165 obscurissimis
1028 2102 1128 2164 verbis
1157 2122 1245 2184 quam
1274 2103 1361 2183 plena

189 2210 219 2263 et
242 2209 379 2264 accurata
401 2193 571 2262 narratione
594 2203 802 2282 persequitur,
831 2203 961 2280 primum
988 2203 1223 2282 uniuscuiusque
1247 2201 1361 2263 fabulae

189 2307 396 2380 argumentum
415 2319 430 2360 e
448 2298 590 2360 membris
609 2299 761 2378 dissipatis
781 2301 973 2360 restituemus
992 2307 1023 2359 et
1040 2298 1211 2361 vocabimus
1226 2302 1258 2360 in
1269 2296 1362 2360 talem

190 2400 403 2478 quaestionem,
427 2397 507 2477 quali
529 2398 737 2477 perspiciatur,
763 2395 871 2475 quibus
895 2397 1116 2476 mythographis
1141 2397 1242 2458 aliisve
1267 2399 1361 2477 scrip-

189 2495 304 2556 toribus
328 2495 461 2574 singulae
480 2494 560 2555 illius
579 2496 765 2555 narrationes
784 2501 957 2576 congruant,
980 2493 1086 2554 deinde
1105 2512 1175 2554 vero
1195 2497 1360 2574 generatim

190 2593 226 2653 de
250 2611 352 2654 earum
374 2593 507 2654 fontibus
531 2592 758 2672 disputabimus.

278 2769 399 2832 Initium
418 2771 580 2850 quaerendi
599 2773 744 2832 sumimus
761 2769 797 2831 ab
813 2772 856 2831 eis
871 2773 1092 2852 catasterismis,
1112 2773 1163 2850 qui
1177 2773 1218 2832 ita
1232 2770 1362 2832 breviter

190 2876 472 2950 commemorantur,
500 2876 534 2929 ut
560 2871 683 2929 testium
710 2868 835 2929 aliorum
864 2868 982 2929 demum
1013 2867 1122 2928 auxilio
1150 2871 1222 2930 satis
1246 2871 1363 2948 possint

190 2966 329 3046 intellegi.
376 2966 447 3026 Siue
475 2968 593 3044 negotio
621 2967 696 3027 liunt
723 2965 901 3026 lineamenta
924 2964 1104 3046 fabularum,
1132 2983 1206 3044 quae
1231 2973 1301 3026 sunt
1324 2966 1361 3027 de

191 3063 313 3144 Cancro,
336 3063 427 3144 Nepa,
445 3063 553 3144 Leone,
568 3063 647 3124 Ursa
665 3065 789 3123 minore.
831 3062 905 3122 Nam
925 3063 1002 3140 apud
1021 3056 1157 3144 omnes1)
1181 3056 1274 3147 uno²)
1299 3063 1361 3124 solo

191 3169 314 3240 excepto
338 3163 499 3240 scriptores
523 3159 632 3240 legitur

280 3255 459 3319 ‘Curionum
483 3261 561 3318 inter
585 3260 669 3337 signa
688 3257 861 3318 collocatum
882 3276 957 3339 esse,
981 3257 1059 3337 quod
1078 3257 1215 3319 Herculis
1234 3257 1362 3338 Hydram

236 3359 369 3417 necantis
392 3355 499 3434 pedem
522 3351 753 3437 momordisset’,

193 3452 223 3504 et

280 3536 460 3624 ‘Nurmtg
488 3560 556 3602 cum
583 3562 600 3603 a
623 3543 714 3604 Diana
742 3545 833 3603 missa
856 3541 1010 3624 Orionem,
1038 3545 1090 3621 qui
1118 3542 1203 3603 deam
1225 3542 1362 3626 laeserat,

236 3642 298 3700 ictu
322 3639 530 3720 interfecisset,
553 3639 589 3700 ad
613 3640 729 3701 caelum
751 3640 874 3702 relatam
897 3635 975 3700 esse'

192 3743 313 3798 narrant
335 3743 439 3817 poetae
464 3740 662 3799 astronomici.

282 3929 308 3997 1)
327 3926 423 3981 Menil.
440 3925 466 3980 H
480 3931 513 3980 33
535 3927 638 3982 ‘morsu
653 3921 748 3998 [tudes
763 3927 857 3997 script.
872 3928 925 3999 gr]
941 3926 1077 3982 Cancrum
1092 3927 1161 3997 (scil.
1176 3927 1207 3980 in
1221 3927 1299 3982 caelo
1313 3945 1363 3996 po-

193 4005 308 4077 sieumr.
343 4024 497 4076 cognomen
517 4007 655 4062 ‘litoreus'
675 4007 713 4060 HI
728 4013 778 4061 316
797 4007 925 4061 fabulam
943 4025 999 4063 non
1016 4007 1141 4076 attingit.
1161 4039 1195 4048 -—
1213 4009 1276 4061 test.
1291 4006 1362 4062 fab.:

193 4087 283 4142 Germ.
303 4087 413 4159 arafam
446 4086 550 4141 Colum.
570 4086 596 4140 X
615 4093 680 4154 3133
707 4087 804 4141 Avien.
825 4093 875 4140 381
892 4105 964 4156 sqq.;
992 4088 1040 4141 Ar:
1059 4086 1145 4140 schol.
1164 4105 1188 4140 v.
1210 4092 1274 4153 1473
1303 4086 1362 4142 dat.

192 4185 219 4235 p.
236 4171 301 4232 2043
315 4166 345 4219 B.
360 4166 390 4218 P.
405 4184 432 4234 p.
449 4171 490 4232 tu,
506 4171 606 4233 6-113
624 4167 696 4236 Hyg.
711 4167 737 4220 H
751 4173 800 4234 233
817 4166 983 4221 Ps-Dosiih.
999 4167 1037 4220 HI
1051 4171 1111 4231 292,
1126 4173 1156 4232 23
1175 4166 1283 4234 Ampel.
1298 4167 1324 4220 H
1338 4173 1362 4220 5.

193 4248 336 4300 auctorem
354 4244 469 4300 fabulae
482 4246 624 4314 Panyasin
641 4247 680 4317 (in
695 4246 833 4301 Heraclea
845 4247 878 4300 fr.
895 4247 965 4316 stt.)
984 4262 1044 4300 esse
1059 4245 1157 4299 dicunt
1171 4244 1229 4300 dec.
1245 4248 1274 4300 et
1287 4245 1317 4298 B.
1333 4247 1363 4300 P.

282 4327 309 4395 2)
328 4324 416 4392 Myth.
436 4325 500 4379 Vct.
519 4326 558 4378 IH
577 4331 619 4394 15,
638 4332 655 4378 4
674 4359 708 4366 -
726 4343 873 4395 perperam
892 4325 1031 4394 excerpsit
1048 4323 1265 4379 Ps-Dositheus.

282 4407 309 4475 3)
328 4404 424 4458 Mami.
443 4405 469 4457 H
488 4410 520 4458 32
532 4423 572 4474 sq.
598 4406 668 4459 ‘ictu
686 4407 796 4475 Nepam
815 4407 884 4477 (scil.
905 4407 941 4459 ad
960 4405 1053 4458 sidera
1072 4404 1217 4474 ductam)'.
1243 4437 1274 4444 -
1299 4408 1363 4461 test.

193 4485 263 4540 laba
278 4485 324 4538 Ar.
340 4489 391 4538 636
400 4502 473 4554 sqq.3
488 4485 605 4540 Nicand.
621 4485 702 4540 Ther.
719 4492 834 4555 13sqq.;
849 4486 939 4540 Germ.
955 4490 1007 4538 644
1015 4503 1088 4553 sqq.;
1102 4484 1199 4538 Arion.
1216 4491 1364 4555 llllsqq.;

1137 4579 1150 4626 1
