3292 5200
761 368 958 432 „g-

274 531 464 613 intellegunt,
493 532 544 592 sed
569 531 716 611 quomodo
740 537 827 610 poeta
850 532 1050 610 exornaverit,
1078 548 1145 591 cum
1173 549 1233 591 non
1256 534 1445 612 perspiciant,

274 630 360 692 multi
390 630 480 691 verba
510 632 575 692 eius
605 647 762 709 perperam
792 630 980 706 interpretati
1010 635 1087 688 sunt.
1132 627 1270 689 Manilius
1302 632 1382 690 enim
1413 637 1447 691 ut

274 721 427 811 enarret²)

408 839 548 925 ‘Olorem
574 846 606 904 in
629 861 717 921 quem
740 842 874 921 luppiter
896 849 1027 902 mutatus
1050 859 1118 903 cum
1140 842 1220 903 Leda
1243 843 1446 925 concubuerit,

320 944 351 1001 in
375 941 456 1003 caelo
479 943 609 1021 positum
633 934 754 1022 esse’2),

275 1057 348 1118 dicit
371 1051 398 1141 (Ι
417 1055 482 1120 339
494 1050 585 1140 sq.)³)

418 1169 459 1234 ἱ.
480 1172 554 1233 Cum
577 1173 651 1234 deus
674 1175 705 1233 in
729 1175 848 1233 niveum
873 1172 1027 1233 descendit
1049 1191 1153 1234 versus
1177 1173 1287 1234 olorem

479 1270 633 1350 Tergaque
657 1271 760 1331 fidenti
783 1269 911 1330 subiecit
933 1269 1051 1349 plumea
1074 1268 1190 1332 Ledae’.

276 1387 352 1446 Sane
379 1388 495 1446 mirum.
542 1385 600 1446 Sed
623 1385 757 1466 scrupuli
781 1387 824 1446 eis
848 1387 1031 1468 eximuntur,
1063 1389 1115 1465 qui
1137 1395 1255 1466 poetam
1277 1387 1325 1446 his
1348 1386 1446 1447 verbis

276 1485 312 1546 ad
341 1478 533 1567 imaginem4)
561 1502 621 1543 non
648 1483 684 1544 ad
713 1483 892 1563 singularem
922 1483 1036 1543 fabulae
1067 1484 1191 1544 formam
1221 1483 1352 1544 aMudere
1380 1503 1446 1563 per-

276 1576 434 1665 cipiunt.⁵)

365 1678 571 1740 Subsecuntur
602 1681 631 1740 ei
662 1681 871 1759 catasterismi,
904 1680 956 1757 qui
987 1678 1168 1757 patefaciunt
1195 1677 1349 1739 Manilium
1380 1699 1447 1740 cum

276 1776 453 1856 quibusdam
478 1775 674 1856 scriptoribus
697 1779 789 1838 artius
813 1776 980 1836 cohaerere.

410 1889 530 1973 ‘laam
560 1910 628 1952 cum
655 1895 750 1971 prima
778 1894 861 1952 navis
888 1893 995 1952 heroes
1022 1910 1077 1970 per
1104 1910 1185 1952 mare
1213 1895 1357 1975 vexisset,
1387 1911 1447 1953 nou

323 1989 412 2050 modo
437 1989 585 2051 sideribus
608 1983 783 2074 insertam⁶)
809 1988 861 2049 sed
885 1988 970 2049 deam
993 1990 1099 2049 tactam
1123 1985 1201 2050 esse'

367 2216 392 2284 1)
411 2215 489 2268 1337
501 2233 560 2284 sqq.
580 2215 661 2268 1131.
681 2214 707 2268 V
721 2219 763 2267 25.
779 2219 830 2268 367
841 2231 901 2284 sqq.

367 2298 393 2365 2)
411 2297 488 2350 test:
509 2295 599 2349 Germ.
615 2300 680 2361 276,
699 2294 745 2347 Ar.
765 2293 850 2348 schol.
870 2313 893 2347 v.
910 2299 975 2362 273,
994 2294 1111 2348 Νοαααε
1126 2313 1154 2364 p.
1170 2301 1234 2363 363,
1255 2295 1366 2350 cosmas
1380 2315 1407 2366 p.
1423 2303 1447 2363 5,

277 2381 311 2428 35
326 2374 428 2442 West.;
447 2375 520 2445 Hyg.
539 2375 595 2429 Π8
614 2393 641 2443 p.
657 2379 699 2441 45,
716 2380 828 2428 11-13,
861 2374 955 2429 Ledae
972 2373 1099 2428 fabulam
1118 2391 1135 2429 a
1153 2375 1288 2442 Nemesis,
1308 2393 1377 2444 quas
1392 2376 1448 2444 Hy-

276 2455 338 2525 gini
357 2457 454 2509 auctor
473 2455 507 2526 (tt
522 2461 538 2509 8
556 2473 583 2523 p.
599 2459 642 2521 44,
657 2459 690 2507 21
706 2485 740 2493 -
754 2459 797 2520 45,
814 2455 857 2524 11)
877 2456 906 2508 et
924 2455 1090 2523 compilator
1108 2454 1267 2509 Germanici
1281 2455 1449 2510 scholiorum

251 2600 252 2603 Ἴ
277 2535 313 2604 (S.
333 2554 360 2604 p.
382 2537 505 2604 152,13)
529 2535 559 2586 in
581 2550 667 2587 unam
690 2533 877 2601 confundunt,
901 2535 1087 2602 separandam
1111 2551 1209 2588 essee
1232 2535 1323 2588 verbis
1342 2535 1449 2604 Hygini

277 2614 312 2685 (Π
327 2620 342 2668 8
361 2633 388 2683 p.
404 2619 447 2680 45,
463 2615 588 2682 11-13),
606 2613 687 2666 Arati
706 2613 874 2667 scholiastae
892 2613 1042 2682 Nonuique
1061 2614 1139 2684 (locis
1158 2614 1263 2683 citatis)
1283 2613 1380 2668 elucet.

358 2697 393 2764 a)
411 2693 514 2748 Versus
533 2693 604 2746 falso
623 2693 824 2762 interpretatur
837 2693 962 2747 Malchin
981 2694 1026 2764 (de
1041 2695 1145 2747 auctor.
1160 2693 1291 2762 quibusd.
1307 2694 1356 2763 qui
1371 2693 1449 2747 Posi-

165 2845 169 2852 .
278 2774 346 2827 doni
364 2775 478 2828 meteor.
498 2772 593 2825 adhib.
613 2772 691 2825 Rost.
713 2776 791 2842 1893)
810 2792 837 2842 p.
853 2779 895 2827 51.

365 2855 393 2923 4)
407 2852 568 2906 Kalkmann
596 2853 680 2921 (arch.
704 2852 798 2906 Jahrb.
825 2853 838 2906 l
860 2855 923 2923 243)
951 2853 1153 2907 demonstravit
1179 2854 1328 2908 Manilium
1356 2855 1448 2923 pictas

276 2933 386 3003 puellas
410 2933 441 2986 in
463 2931 587 2984 oloribus
611 2933 738 2987 sedentes
762 2933 819 2987 sive
838 2936 913 2988 certo
933 2933 1049 2988 consilio
1069 2934 1126 2987 sive
1144 2934 1294 2989 inscientis
1313 2935 1349 2988 ad
1368 2933 1449 2988 fabu-

278 3014 344 3080 lam,
365 3028 437 3081 quae
456 3011 491 3063 de
510 3011 586 3064 Leda
605 3013 655 3079 est,
674 3013 815 3067 rettulisse
834 3016 863 3068 et
881 3016 970 3068 artem
988 3014 1129 3082 poeticam
1146 3015 1258 3082 pictura
1277 3014 1423 3068 adiuvisse.

366 3094 393 3161 5)
413 3090 521 3144 Cursim
540 3091 679 3160 attingam
696 3109 799 3161 versus,
819 3094 868 3162 qui
887 3093 1060 3164 scaligerum
1078 3095 1218 3162 torquent,
1238 3095 1301 3148 dico

366 3171 391 3225 V
406 3175 456 3223 382
468 3188 507 3239 sq.
530 3171 603 3240 ‘Ipse
622 3173 705 3225 deum
724 3172 832 3240 Cycnus
851 3174 949 3227 condit
966 3190 1118 3243 vocemque
1136 3174 1188 3227 sub
1207 3174 1256 3227 illo

525 3250 589 3305 Non
607 3253 683 3305 totus
701 3252 813 3307 volucer
832 3269 981 3322 secumque
998 3254 1194 3307 immurmurat
1211 3254 1308 3307 intus'.

277 3332 328 3386 Vir
347 3349 469 3384 summus
489 3331 564 3384 enim
582 3332 619 3385 ad
638 3348 684 3386 eos
704 3333 823 3386 adnotat
841 3333 864 3404 (³
877 3352 904 3402 p.
920 3335 982 3403 395)
1003 3333 1053 3386 ‘Ut
1066 3333 1173 3387 Taurus
1188 3333 1317 3403 Europae
1335 3351 1391 3388 non
1407 3335 1447 3387 to·

277 3414 322 3466 tus
341 3413 451 3477 taurus,
476 3411 524 3464 sed
548 3410 657 3479 aliquid
681 3411 773 3466 adhuc
796 3415 1009 3481 repraesentans
1029 3414 1064 3466 de
1082 3413 1147 3468 Iove
1165 3413 1195 3467 in
1214 3430 1246 3468 eo
1265 3414 1384 3479 latente,
1408 3413 1449 3467 ita

278 3491 364 3546 etiam
383 3490 491 3559 Cycnus
510 3507 566 3545 non
583 3493 659 3544 εοεαε
678 3491 790 3545 volucer
807 3492 986 3562 pingebatur,
1005 3494 1038 3546 ut
1053 3496 1267 3562 cognosceretur
1280 3494 1407 3562 Iuppiter
1420 3493 1450 3546 in

278 3587 310 3625 eo
330 3571 459 3624 conditus
479 3570 680 3624 ...Nondum
703 3571 778 3625 enim
800 3572 842 3625 ita
864 3574 940 3627 totus
964 3589 1066 3641 cycnus
1091 3576 1123 3628 αε
1145 3591 1201 3628 non
1221 3574 1349 3628 conditus
1368 3573 1397 3624 in
1416 3588 1449 3624 eo

277 3650 403 3720 Iuppiter
422 3652 559 3719 appareat
574 3692 579 3703 .
596 3692 601 3702 .
618 3651 646 3703 .’.
678 3650 717 3703 At
736 3667 792 3719 qua
810 3652 839 3704 in
854 3652 978 3722 imagine
992 3652 1059 3706 Olor
1072 3670 1128 3707 non
1142 3656 1218 3707 totus
1232 3650 1344 3706 volucer
1356 3650 1449 3718 pictus

279 3733 338 3785 est?
375 3729 453 3795 Quae
471 3729 556 3783 verba
574 3729 834 3799 interpretationem
854 3732 989 3802 Scaligeri
1007 3733 1146 3802 probant?
1180 3731 1301 3784 Multum
1319 3729 1400 3783 abest
1417 3731 1450 3783 ut

278 3810 411 3864 Manilius
428 3809 551 3877 Cycnum
570 3810 654 3863 deum
672 3810 832 3864 semiferum
851 3815 900 3867 aut
919 3829 998 3868 avem
1017 3812 1171 3866 semideum
1190 3809 1341 3879 significet3
1364 3809 1449 3864 immo

278 3907 342 3944 vero
362 3889 432 3944 dicit
448 3889 567 3957 Olorem,
586 3890 640 3943 etsi
658 3891 734 3944 totus
753 3891 865 3946 volucer
883 3893 927 3958 sit,
946 3894 1041 3946 tamen
1059 3892 1116 3944 vim
1130 3892 1159 3944 et
1172 3890 1309 3959 impetum
1324 3890 1370 3944 dei
1383 3890 1450 3944 reti·

278 3986 353 4036 nere,
372 3969 473 4037 quibus
493 3971 585 4024 Ledae
605 3970 729 4023 animum
745 3972 887 4039 percutiat
906 3975 935 4027 et
952 3972 1086 4026 feminam
1103 3970 1206 4024 amoris
1221 3970 1320 4024 ardore
1334 3970 1449 4024 afficiat.

278 4051 356 4104 Haec
374 4049 458 4103 verba
477 4067 540 4104 cum
558 4051 746 4104 monumentis
765 4051 839 4105 notis
859 4053 1016 4121 congruunt
1034 4050 1078 4121 (cf.
1099 4049 1256 4117 Overbeck,
1275 4049 1448 4119 kunstmyth.

279 4130 359 4184 Atlas
378 4130 442 4185 vm
457 4136 498 4183 1v.
514 4133 566 4200 aa).

369 4213 395 4280 6)
414 4212 477 4265 test.
496 4211 580 4264 huius
598 4211 722 4280 vulgaris
740 4211 859 4265 formae:
876 4211 953 4264 Aret.
965 4214 1030 4277 348,
1045 4209 1135 4263 Germ.
1147 4215 1206 4264 345.
1219 4215 1270 4264 350
1281 4227 1336 4278 sq.;
1350 4208 1450 4263 Vitruv

278 4290 317 4344 IX
337 4296 360 4356 7,
380 4296 410 4358 2,
429 4289 534 4345 Seneca
553 4290 632 4344 Herc.
651 4290 671 4344 f.
690 4309 715 4344 v.
736 4297 764 4358 7,
783 4291 916 4344 Manetho
935 4290 958 4342 Β
977 4289 1022 4360 (Α)
1042 4295 1177 4359 104sqq.;
1196 4290 1292 4344 Avien.
1315 4294 1378 4357 756,
1401 4289 1448 4342 Ar.

280 4370 364 4424 schol.
380 4389 404 4423 v.
420 4374 485 4436 348,
505 4369 563 4424 cat.
578 4389 606 4438 p.
622 4375 686 4437 255,
705 4371 735 4424 Β.
751 4371 780 4423 Ρ.
795 4389 822 4439 p.
838 4375 884 4436 97,
904 4369 976 4440 Hyg.
991 4370 1017 4424 Π
1031 4376 1073 4424 37.
1092 4370 1149 4424 fab.
1166 4376 1207 4424 14.
1240 4370 1390 4426 Auctorem
1407 4368 1450 4422 fa-

279 4449 363 4504 bulae
381 4449 494 4504 nomine
512 4450 597 4504 sideri
616 4452 676 4504 arte
694 4451 859 4506 coniunctae
878 4450 1026 4522 scriptores
1044 4453 1147 4506 tacent.
