3292 5200
748 370 967 442 ...42-

496 541 500 556 ’
537 567 680 673 111110
707 587 872 672 Manilio
899 590 939 673 et
967 589 1176 694 ‘sanarat

361 754 442 816 Felix
472 749 608 838 Wteck1)
635 754 787 816 Manilium
815 756 988 837 sphaeram,
1021 775 1096 837 quae
1123 757 1312 838 Empedoclis
1339 758 1442 838 fertur,

272 855 303 914 iu
321 871 410 913 usum
427 855 578 914 vacavisse
598 853 751 913 contendit
768 861 799 915 et
817 854 917 914 studet
935 855 1117 933 argumentis
1136 856 1320 916 confirmare.
1360 855 1442 915 Hanc

272 953 449 1012 sententiam
476 953 536 1012 iam
559 969 576 1011 a
598 944 757 1034 Maassio')
780 953 921 1012 reiectam
948 954 1059 1012 nostris
1086 954 1118 1012 in
1146 951 1370 1031 quaestionibus
1393 970 1441 1012 me

271 1051 349 1109 iusto
377 1051 443 1109 iure
471 1046 636 1108 neclexisse
664 1047 880 1110 demonstrabo.
925 1048 1008 1110 Illius
1038 1057 1210 1127 argumenta
1239 1067 1306 1111 cum
1337 1057 1441 1128 poetae

270 1145 396 1206 Romani
419 1143 549 1206 sontibus
574 1151 604 1205 et
625 1145 752 1206 testibus
776 1144 929 1207 litterariis
952 1147 1088 1207 conferre
1112 1149 1184 1208 satis
1207 1145 1309 1207 babeo.

383 1268 525 1347 Sphaera:
778 1270 929 1331 Manilius:
1114 1271 1210 1333 sontes
1233 1278 1263 1332 et
1285 1278 1392 1332 testes:

390 1401 415 1443 v.
436 1381 522 1444 1-4
767 1383 864 1448 1303
880 1405 942 1466 sqq.
1069 1387 1207 1448 Manilius
1252 1387 1362 1468 pendet
1404 1385 1440 1447 ab

494 1495 496 1502 ’
1114 1479 1227 1568 1110111)
1256 1504 1281 1545 1.
1309 1480 1353 1546 50
1376 1502 1439 1562 sqq.

1114 1580 1156 1645 28
1172 1600 1235 1661 sqq.
1259 1582 1295 1642 cs.
1309 1601 1338 1662 p.
1353 1578 1404 1642 29.

391 1693 416 1734 v.
436 1672 523 1739 3-14
751 1675 959 1742 1305-301
1069 1679 1206 1741 Manilius
1247 1667 1361 1758 'pendet
1404 1677 1440 1738 ab

494 1786 496 1794 '
1113 1776 1197 1837 Arati
1220 1795 1246 1837 v.
1264 1773 1308 1837 46
1323 1794 1366 1854 sq.
1404 1775 1440 1835 cl.

1113 1893 1141 1954 p.
1162 1871 1213 1935 29.

411 1984 437 2026 r.
456 1963 496 2028 21
794 1969 858 2035 331
874 1992 917 2052 sq.
1069 1971 1200 2050 Uterque
1218 1971 1254 2031 de
1269 1970 1326 2030 alio
1341 1971 1439 2031 sidere

493 2073 496 2083 ‘
1113 2069 1258 2150 loquitur,
1281 2059 1311 2129 at
1334 2068 1440 2128 similis

1113 2167 1231 2229 dicendi
1258 2166 1364 2227 modus
1388 2185 1440 2226 na-

1112 2272 1179 2327 tura
1189 2266 1385 2344 reiexigitur:
1403 2264 1439 2324 cs.

1111 2359 1213 2426 1364.
1229 2359 1303 2424 369.

372 2473 396 2513 v.
416 2451 459 2515 20
474 2473 537 2533 sqq.
781 2455 846 2520 366
862 2479 925 2539 sqq.
1067 2459 1204 2522 Manilius
1249 2458 1359 2540 pendet
1401 2458 1438 2519 ab

1112 2552 1438 2635 basiliscvmtsqq.

1114 2653 1191 2736 114;
1215 2655 1250 2715 cs.
1269 2672 1297 2733 p.
1313 2650 1369 2716 -13.

402 2744 444 2808 69
463 2766 506 2827 sq.
778 2750 868 2814 1381
884 2771 928 2831 sq.
1067 2750 1202 2814 cs.V12.
1218 2751 1270 2814 58.
1295 2751 1447 2812 Differam.

270 2847 443 2926 Λαμπροῖς
457 2840 494 2907 ἐν
508 2843 640 2933 ἄστροις
668 2847 797 2908 Cernere
825 2849 955 2909 vicinum
983 2847 1038 2909 Ge·
1111 2853 1152 2910 tia
1180 2853 1212 2911 in
1235 2850 1283 2910 his
1306 2848 1437 2928 descrip-

312 2939 461 3024 topapbc
480 2936 600 3025 Ὠρίων
624 3005 628 3013 ,
712 2947 801 3005 minis
828 2945 1039 3027 tinctorium,
1111 2947 1242 3009 tionibus
1263 2953 1365 3027 aperta
1384 2954 1437 3007 est.

312 3033 412 3118 μέγας
666 3043 699 3102 11
723 3060 858 3120 magnam
881 3042 956 3103 caeli
974 3051 1038 3104 ten·
1103 3045 1232 3106 ¹Accedit
1248 3044 1326 3123 quod
1341 3044 1437 3106 Vitru-

268 3133 435 3215 Διδύμοις
474 3137 639 3219 προτείνει
711 3140 831 3200 dentem
855 3139 993 3201 braccbia
1111 3144 1175 3203 vius
1193 3141 1233 3202 lX
1252 3138 1283 3221 5,
1297 3139 1326 3201 2.
1356 3141 1437 3201 Arati

312 3240 406 3316 χεῖρα
418 3227 637 3313 δεξιούμενος.
710 3243 833 3317 partem.
1111 3238 1201 3300 schol.
1220 3257 1245 3298 v.
1261 3235 1334 3300 322.
1364 3237 1435 3317 Hyg.

1109 3332 1438 3417 lll2lp.90‚l4sq.et

357 3487 383 3554 1)
403 3485 556 3556 sphaeram
569 3486 747 3556 Empedoclis
761 3504 834 3556 quae
849 3487 952 3542 dicitur
966 3488 1105 3544 recensuit
1118 3487 1148 3542 F.
1158 3487 1203 3542 W.
1214 3487 1356 3558 Gryphiae
1369 3491 1436 3541 1891

266 3582 293 3633 p.
310 3570 413 3633 ldsqq.

356 3647 382 3714 2)
401 3646 470 3714 prol.
490 3665 516 3715 p.
536 3646 687 3716 XXXllsq.
724 3649 818 3702 Maass
839 3648 939 3702 ductus
958 3647 1054 3718 figuris
1073 3651 1101 3702 et
1120 3646 1297 3718 etymologiis
1316 3647 1437 3702 siderum

267 3724 343 3794 apud
365 3724 512 3779 Manilium
537 3726 666 3780 similiter
689 3729 773 3796 atque
796 3727 826 3781 in
849 3727 974 3796 Sphaera
996 3727 1117 3782 inventis
1140 3730 1289 3796 utrumque
1311 3727 1436 3782 indidem

266 3803 435 3872 prompsisse
454 3806 544 3873 putat.
578 3805 632 3859 Sed
652 3823 714 3860 eum
730 3806 812 3876 fugit,
832 3807 908 3874 quod
921 3807 1053 3860 Manilius
1069 3807 1113 3861 sui
1126 3806 1252 3861 imitator
1266 3809 1308 3862 est
1322 3807 1371 3876 <iv
1385 3812 1435 3860 259

266 3910 300 3929 =
314 3883 328 3936 I
341 3885 403 3953 272)
423 3886 452 3937 et
471 3883 542 3938 alius
562 3885 618 3939 alio
636 3887 719 3940 modo
739 3887 775 3940 ad
793 3886 978 3954 veriloquium
997 3887 1106 3940 alludit.
1143 3887 1193 3941 Hle
1216 3889 1301 3955 poeta
1323 3886 1437 3940 nomina

267 3963 410 4032 signorum
434 3963 589 4018 bestiarum
614 3965 799 4020 similitudine
826 3965 912 4036 (velut
933 3965 1019 4019 Tauri
1041 3985 1065 4018 v.
1086 3971 1129 4036 96)
1157 3968 1206 4021 aut
1232 3965 1436 4035 significatione

266 4043 341 4096 vocis
364 4044 451 4112 (velut
474 4045 552 4113 κριὸς
570 4076 604 4085 -
623 4043 730 4112 κρίνειν
753 4064 776 4099 v.
797 4052 844 4112 873
877 4043 1019 4113 Σκορπίος
1042 4078 1074 4085 -
1099 4043 1257 4114 aasentias
1279 4064 1303 4099 r.
1324 4047 1434 4114 129sq.)

265 4123 473 4192 interpretatur,
492 4124 539 4178 hic
556 4141 646 4178 mores
665 4125 809 4180 hominum
828 4143 891 4179 cum
909 4125 1068 4179 nominibus
1087 4125 1209 4179 siderum
1224 4124 1436 4192 actionibusque

266 4202 411 4272 coniungit
430 4203 474 4272 (cf.
490 4204 528 4257 IV
544 4210 690 4258 122-291.
707 4208 865 4274 soa-584).
899 4204 940 4259 De
959 4205 1134 4275 astrologicis
1154 4204 1323 4273 quibusdam
1341 4204 1375 4260 cf.
1393 4221 1434 4270 ea,

266 4298 338 4350 quae
356 4283 450 4337 Maass
468 4283 486 4336 1.
506 4300 528 4336 0.
548 4303 574 4353 p.
590 4283 704 4337 XXXIV
723 4282 867 4352 exposuit.

355 4364 381 4431 3)
401 4362 542 4427 Quantum
560 4363 693 4416 Manilius
712 4364 830 4417 Aratum
852 4366 985 4431 sectetur,
1010 4380 1044 4418 ex
1067 4366 1206 4432 apparatu
1229 4364 1259 4416 in
1277 4363 1357 4417 Arati
1376 4363 1434 4416 edi-

265 4441 342 4499 tione
356 4442 517 4497 Maassiana
532 4442 628 4496 critico
643 4446 671 4497 et
685 4460 701 4498 e
715 4443 822 4498 sollerti
836 4443 971 4498 Malchini
986 4443 1013 4515 (l.
1024 4446 1058 4514 c.)
1073 4443 1238 4498 collectione
1249 4462 1276 4512 p.
1286 4449 1320 4496 41
1336 4443 1433 4497 elucet.
