3292 5200
666 363 884 424 ..49-

171 529 283 606 gratia
316 525 524 605 interpolatam
556 543 623 585 esse
655 543 671 584 e
704 527 849 585 versionis
881 524 987 586 latinae
1023 529 1201 607 interprete,
1237 525 1361 606 Hygino,

173 624 370 703 scholiisque
398 627 434 684 in
457 623 680 704 Germanicum,
710 625 762 702 qui
793 641 896 683 omnes
925 624 974 684 hic
1004 623 1124 704 desunt,
1156 624 1360 702 unusquisque

172 715 383 804 intellegat),
407 722 543 802 deniqne,
571 740 638 781 cum
662 720 753 781 altera
777 720 898 782 alteram
921 720 1001 781 nulla
1024 723 1232 782 coniunctione
1257 719 1360 782 subse-

176 827 310 901 quatur,
333 826 384 882 aut
406 826 563 898 utramque
587 837 622 878 ex
647 817 703 879 alio
727 819 807 879 loute
830 818 965 879 hausisse
989 837 1056 880 eum
1080 826 1131 880 ant
1153 819 1264 897 aliquid
1288 820 1360 878 omi-

177 921 265 980 sisse
289 916 516 978 coniectandum
540 924 594 978 est.

277 1015 401 1076 Restant
423 1022 485 1075 tres
507 1013 631 1092 iabulae,
655 1033 779 1093 quarum
799 1016 895 1094 prima
915 1015 951 1074 de
971 1016 1067 1074 Tauro
1087 1033 1103 1074 a
1121 1014 1236 1074 Theseo
1256 1021 1360 1074 necato

179 1117 217 1174 in
243 1113 324 1174 Arati
352 1111 464 1173 scholio
488 1105 528 1194 (v.
550 1109 627 1191 167)
652 1111 714 1171 solo
738 1112 860 1193 legitur,
888 1113 992 1173 eodem
1021 1111 1193 1191 secundam,
1221 1129 1295 1190 quae
1324 1111 1359 1171 de

180 1211 324 1272 Nemesis
352 1217 403 1270 aut
425 1208 521 1270 Ledae
545 1207 626 1268 olore
650 1216 708 1290 est,
738 1217 861 1288 propter
883 1210 1041 1271 verborum
1067 1209 1290 1269 similitudinem
1315 1227 1360 1268 rc-

180 1328 274 1390 voco,
301 1309 478 1387 praesertim
505 1325 574 1366 cum
597 1306 720 1366 alteram
743 1306 867 1366 formam
892 1305 942 1366 illo
967 1306 1123 1366 scholiasta
1147 1300 1187 1388 (v.
1207 1299 1288 1389 273)
1311 1324 1360 1366 ex·

183 1414 275 1486 cepto
298 1405 436 1466 Manilius
460 1403 654 1464 Germanicus
678 1399 716 1483 (v.
737 1401 816 1485 275)
840 1403 1031 1484 Hyginnsque
1056 1403 1111 1463 soli
1134 1404 1294 1481 proferant.

277 1503 422 1581 Erigones
455 1497 595 1582 fabulam,
628 1520 702 1580 quae
735 1498 826 1562 tertia'
855 1508 914 1582 est,
945 1499 1056 1561 Robert
1080 1495 1122 1581 (p.
1145 1495 1182 1584 4)
1209 1504 1238 1560 et
1266 1499 1361 1561 llaass
1434 1507 1435 1510 ’

185 1595 236 1685 (Α,
255 1600 286 1661 E.
306 1621 334 1680 p.
356 1598 383 1660 7.
403 1595 461 1683 83)
485 1596 605 1678 quidem
629 1601 660 1658 in
684 1598 877 1678 amplioribus
896 1598 1114 1659 Catasterismis
1138 1599 1230 1658 luisse
1249 1598 1361 1673 dicunt,

186 1699 240 1759 sed
274 1717 330 1758 nec
360 1697 424 1758 vola
455 1713 510 1757 nec
540 1699 697 1776 vestigium
727 1697 768 1757 ibi
798 1699 949 1775 reperitur
976 1714 1013 1756 ne
1043 1697 1075 1756 in
1105 1691 1241 1756 ¹versione
1272 1694 1361 1756 latina

186 1797 318 1875 quidem.
355 1795 392 1856 At
405 1794 538 1874 Hyginus
553 1802 583 1855 et
598 1793 708 1855 scholia
723 1783 892 1855 Germanici
906 1813 970 1854 eam
986 1790 1235 1872 complectuntur!
1265 1793 1361 1873 Certe,

186 1894 240 1954 sed
258 1892 316 1974 ille,
336 1894 444 1972 quippe
460 1895 511 1970 qui
527 1884 618 1975 (114)
633 1891 717 1970 plura
733 1891 850 1952 aliunde
870 1885 1054 1974 adiecerat),
1073 1898 1102 1951 et
1120 1891 1202 1970 haec,
1221 1892 1360 1969 qnoniam

186 1994 267 2051 inter
290 1992 490 2052 narrationem
509 1989 787 2050 Catasterismornm
808 1983 849 2073 (p.
869 1981 974 2072 2016)
997 1989 1148 2067 propriam
1168 1994 1197 2047 et
1215 1987 1360 2067 Erigones

187 2088 318 2149 tabulam
346 2087 501 2166 Nigidiano
525 2079 567 2169 (p.
588 2083 639 2168 65,
658 2084 702 2148 20
722 2121 763 2129 —
784 2084 835 2168 66,
855 2080 890 2168 6)
914 2092 1040 2166 ponunt,
1072 2086 1238 2145 testimonii
1267 2087 1361 2145 instar

187 2188 274 2246 citari
297 2204 357 2245 non
381 2185 555 2245 debuerunt.
596 2183 692 2245 Etiam
716 2187 815 2244 minus
838 2182 1052 2262 subscriptioni
1075 2179 1214 2264 ’ἱστορεῖ
1230 2177 1367 2263 'Epeos

189 2278 313 2363 σθένης
335 2278 373 2344 ἐν
395 2291 464 2355 τοῖς
487 2275 606 2344 ἑαυτοῦ
630 2278 834 2360 καταλόγοις’
863 2281 968 2341 scholii
995 2280 1095 2340 Iliadis
1120 2274 1169 2362 (X
1183 2277 1224 2339 29
1245 2273 1283 2362 Β)
1307 2282 1360 2338 tri-

188 2381 261 2462 buo,
293 2383 377 2441 cuius
406 2379 494 2440 rerba
522 2382 653 2440 virorum
681 2380 835 2440 doctorum
864 2379 1064 2457 suspicionem
1092 2395 1151 2437 non
1180 2379 1243 2437 sine
1272 2395 1361 2438 causa

188 2488 315 2539 movent.
360 2478 442 2538 Arati
478 2485 576 2547 autem
614 2476 759 2537 scholium
797 2479 895 2554 magni
930 2477 1074 2536 momenti
1110 2483 1164 2536 est.
1209 2471 1284 2536 Nam
1318 2459 1361 2534 ibi

190 2569 402 2660 (p.454,10)
425 2575 514 2635 huius
538 2573 653 2635 fabulae
677 2576 833 2653 vestigium
857 2575 990 2653 quamvis
1014 2573 1199 2633 levissimum
1221 2575 1361 2653 occurrit,

190 2691 287 2752 equo
310 2672 341 2732 id
364 2671 487 2733 uberius
511 2668 668 2750 aliquando
692 2674 784 2733 luisse
809 2670 923 2750 colligo.

278 2770 427 2850 Cosmam,
454 2771 593 2848 quoniam
617 2772 681 2830 eins
705 2769 870 2830 fabularum
892 2775 1008 2848 partem
1032 2775 1128 2848 certo,
1154 2778 1268 2846 partem
1292 2785 1360 2846 pro-

190 2867 326 2929 babiliter
349 2867 384 2928 ad
409 2866 519 2928 scholia
542 2866 647 2927 Aratea
671 2866 859 2944 reduximus,
887 2869 927 2945 ei,
956 2867 1007 2944 qui
1031 2868 1204 2943 cogniturus
1228 2872 1274 2925 est
1296 2862 1360 2925 illo-

191 2984 254 3026 rum
287 2965 487 3026 redactionem
518 2965 675 3043 pristinam
707 2982 767 3024 nou
801 2964 995 3023 restituturus
1028 2963 1152 3022 iormam
1186 2960 1360 3022 Catasteris-

191 3080 304 3123 morum
327 3063 529 3141 integriorem,
551 3061 848 3142 prodesseapparet.
892 3059 965 3119 Nam
990 3059 1100 3120 scholia
1123 3059 1204 3119 Arati
1228 3060 1359 3119 auctiora

193 3160 358 3221 adhibuisse
381 3153 539 3242 vincturi)

279 3351 304 3418 1)
325 3348 358 3401 cf.
379 3345 605 3414 obviari-Rehm,
624 3346 740 3401 Hermes
760 3353 794 3400 34
813 3363 839 3416 p.
855 3351 907 3400 264
927 3347 990 3400 adn.
1006 3352 1030 3399 3.

278 3430 304 3497 2)
324 3428 358 3480 cf.
378 3428 480 3494 Maass,
499 3427 531 3479 A.
551 3426 582 3479 E.
602 3446 628 3496 p.
645 3431 678 3479 68
689 3444 748 3495 sqq.
764 3431 806 3480 83.

278 3510 304 3577 3)
324 3506 472 3561 consentio
496 3519 559 3560 cnm
577 3507 695 3560 Rehmlo
715 3507 844 3576 (Hermae
864 3503 1133 3574 sapacanina.
1152 3525 1179 3575 p,
1195 3509 1270 3576 267),
1297 3523 1360 3560 cum

194 3587 310 3643 Mcassio
330 3587 456 3657 discrepo
475 3586 517 3657 (A.
537 3586 568 3639 E.
587 3605 614 3655 p.
631 3593 654 3640 7.
674 3585 777 3640 Comm.
796 3605 824 3655 p.
839 3591 891 3639 575
911 3587 995 3655 adn.)

620 3829 933 3857 ἧς»...

455 4101 678 4166 Addendum
702 4102 756 4190 (ad
779 4126 833 4188 pp.
858 4101 900 4167 54.
924 4101 989 4166 444.
1013 4099 1094 4188 471).

278 4225 416 4280 Mensium
435 4223 549 4279 nomina
567 4223 661 4293 Αἰγῶν
681 4227 709 4278 et
723 4221 835 4293 26666,
857 4242 974 4293 quorum
992 4223 1170 4278 Ptolemaeus
1187 4220 1359 4276 mentionem

196 4304 258 4358 iacit
272 4307 354 4375 (synt.
370 4304 409 4356 IX
424 4310 447 4356 7.
464 4308 505 4357 10.
520 4303 546 4356 X
555 4308 579 4356 9,
594 4301 632 4355 XI
643 4305 677 4373 3),
694 4303 728 4358 de
742 4304 902 4360 nominibus
916 4305 1058 4374 signorum
1072 4320 1123 4372 per
1137 4301 1357 4356 deminutionem

193 4383 272 4448 ,foetis
290 4383 343 4450 Αἰέ
363 4385 392 4439 el
404 4381 507 4452 “Tripoa
525 4382 652 4438 derivata
670 4399 731 4438 esso
750 4384 886 4439 ridentur.

1129 4547 1145 4593 4
1206 4532 1208 4536 .
