3292 5200
583 1272 585 1276 ’
644 1274 804 1358 labella
834 1275 1045 1378 Siglorum.
1124 1205 1127 1212 ι

338 1426 508 1497 Conspectus
527 1425 683 1481 editionum
702 1426 909 1480 commentariis
927 1427 972 1480 vel
993 1426 1224 1481 adnotationibus
1243 1426 1348 1481 criticis

259 1659 345 1713 Scal¹

259 1821 346 1875 Soal.³

738 1516 947 1570 instructarum.

468 1660 505 1712 M.
520 1657 620 1712 Manili
639 1658 845 1712 astronomicon
861 1658 1008 1727 alosepho
1024 1657 1166 1728 Scaligero
1239 1659 1430 1727 repurgatum.

577 1738 711 1792 Eiusdem
729 1740 820 1794 Notae
906 1766 910 1772 ·
927 1738 1055 1808 Lugdun.
1075 1738 1137 1792 Bat.
1159 1743 1235 1791 1600.

469 1821 506 1873 M.
526 1818 626 1872 Manili
646 1821 852 1874 astronomioon
875 1835 893 1872 a
910 1819 1027 1888 Iosepho
1048 1817 1190 1888 Scaligero
1299 1817 1433 1871 Eiusdem

577 1897 669 1953 Notae
685 1943 726 1954 ...
751 1916 765 1953 e
784 1899 881 1954 codice
900 1898 1043 1968 Scaligeri‚
1063 1912 1147 1965 quem
1161 1914 1212 1951 sua
1226 1913 1312 1950 manu
1327 1897 1364 1951 ad
1377 1899 1432 1951 ter-

578 1979 649 2032 tiam
668 1979 824 2034 editionum
842 1980 1060 2049 praeparaverat
1075 2020 1080 2033 .
1093 2022 1098 2032 .
1111 2022 1116 2031 .
1131 1977 1162 2030 in
1180 1977 1271 2031 lucem
1289 1977 1432 2047 publicam

577 2059 725 2114 restitutae
744 2062 795 2120 etc¹
833 2059 1015 2128 Argentorati
1034 2063 1111 2111 leot.

525 2139 685 2194 Editionem
711 2141 864 2193 secundam
888 2139 1052 2207 plerumque
1077 2137 1176 2204 laudo,
1201 2155 1265 2190 cunr
1291 2137 1328 2191 ad
1351 2155 1432 2190 usum

578 2219 675 2273 utilior
690 2220 727 2273 sit
742 2221 770 2272 et
784 2236 801 2273 a
814 2219 956 2288 plerisque
971 2217 1140 2271 adhibeatur
1159 2217 1203 2286 (cf.
1225 2217 1256 2270 ³1.
1271 2217 1291 2271 Ι.
1308 2216 1432 2285 Scaliger

578 2317 632 2353 von
652 2299 676 2352 J.
696 2299 820 2367 Bernays
839 2318 865 2368 p.
886 2303 937 2351 280
948 2299 1026 2366 sq‘.');
1054 2297 1169 2351 tertiam
1192 2296 1231 2350 'iis‘
1259 2297 1328 2350 locis
1356 2296 1431 2364 solis,

579 2380 681 2448 quibus
701 2381 736 2433 ab
756 2379 845 2433 altera
865 2378 991 2431 discedit.

471 2462 508 2514 M.
523 2460 624 2515 Manili
638 2459 844 2514 astronomioon
857 2474 891 2511 ex
902 2457 1063 2512 recensione
1074 2459 1175 2511 etcum
1184 2457 1259 2511 notis
1269 2457 1301 2510 B.
1312 2457 1430 2513 Bentlei.

578 2541 791 2595 London1739.
871 2567 875 2572 -
943 2567 946 2573 ·
1193 2565 1195 2572 ,
1297 2563 1302 2570 ·

472 2621 508 2674 M.
523 2620 624 2674 Manili
638 2619 852 2674 Astronomicon
866 2617 932 2670 libri
947 2617 973 2669 V
990 2633 1044 2671 rec.
1060 2617 1103 2670 Fr.
1118 2616 1214 2671 Jacob.
1243 2615 1338 2668 Berlin
1354 2621 1430 2668 1846.

471 2701 508 2754 Μ,
523 2700 623 2754 Manili
642 2699 690 2768 qui
709 2699 797 2752 fertur
815 2697 1028 2751 Astrouomicon
1046 2696 1112 2749 libri
1128 2695 1154 2748 V
1172 2695 1262 2749 edidit
1279 2695 1428 2748 Malwinus

578 2779 697 2832 Bechert
716 2779 756 2848 (in
774 2778 868 2831 fascic.
883 2777 922 2828 III
941 2776 1064 2844 corporis
1082 2777 1156 2844 poet.
1174 2776 1222 2829 lat.
1239 2776 1281 2828 ed.
1296 2775 1431 2844 Postgate

578 2860 695 2914 London
714 2859 793 2926 1900)
812 2860 841 2910 et
863 2856 940 2909 brevi
963 2856 1116 2910 lectionum
1134 2855 1270 2909 varietate
1288 2854 1428 2908 instruxit.

526 2942 570 2994 Ab
589 2941 642 2993 hoo
662 2938 769 2992 editore
788 2937 915 2991 codicum
935 2936 1008 3006 sigla
1026 2937 1171 2990 mutuatus
1190 2953 1259 2988 sum.

527 3020 614 3088 Saepe
634 3018 732 3072 citavi:

472 3101 505 3154 B.
524 3100 594 3153 Ellis
615 3098 729 3153 ‘Noctes
747 3098 921 3153 Manilianae
939 3097 997 3151 sive
1015 3096 1234 3152 Dissertationes
1252 3097 1282 3149 in
1300 3095 1433 3149 Astrouo-

579 3179 653 3232 mica
670 3178 801 3232 Manilii'.
839 3177 940 3233 Oxonii
959 3183 1036 3231 1891.

473 3428 554 3482 Arati
572 3428 769 3482 Phaenomena
786 3442 840 3479 reo.
860 3426 891 3478 B.
911 3425 1012 3478 Maass.
1050 3422 1145 3476 Berlin
1166 3426 1242 3474 1893.

475 3507 615 3562 Ciceronis
634 3507 739 3561 Aratea
758 3507 800 3559 ed.
820 3505 851 3558 Ε.
871 3505 1012 3558 Baehrens
1031 3521 1057 3571 p.
1077 3502 1095 3554 l.
1116 3520 1151 3554 m.
1171 3501 1183 3553 I
1201 3519 1228 3569 p.
1245 3505 1339 3552 1-28.

478 3587 636 3642 Germanici
651 3586 777 3641 Caesaris
792 3585 896 3639 Aratea
910 3585 1012 3637 iterum
1026 3581 1118 3636 edidit
1131 3581 1163 3634 A.
1178 3580 1302 3648 Breysig.
1322 3578 1435 3647 Lipsiae

584 3673 660 3722 1899.

326 3883 331 3895 '
359 3924 364 3936 .
474 3881 598 3935 Achilles
618 3881 665 3950 (ad
684 3879 811 3947 Aratum)
835 3877 877 3931 ed.
897 3875 928 3928 Ε.
948 3875 1041 3928 Maass
1063 3875 1103 3945 (in
1122 3873 1275 3928 Comment.
1295 3873 1330 3925 cf.
1349 3871 1435 3940 infra)

476 3965 678 4110 inpediit
695 3964 867 4091 idaeam
886 4052 939 4090 100.
959 4035 989 4088 u.
1009 4033 1166 4088 Woelfflin.
1204 4033 1316 4102 lipsiae
1336 4037 1413 4085 raus.

338 4087 343 4097 ¹
410 4166 415 4176 .
478 4120 585 4174 scholia
603 4119 707 4171 Aratea
726 4118 768 4171 ed.
788 4116 819 4169 B.
838 4116 932 4169 Maass
952 4115 991 4185 (iu
1011 4114 1162 4168 Commeat.
1182 4113 1217 4166 cf.
1236 4113 1321 4181 infra)
1340 4129 1367 4180 p.
1385 4116 1436 4164 334

477 4277 584 4333 schola
602 4203 775 4331 uitiata
794 4277 836 4331 ed.
856 4277 888 4330 A.
908 4275 1033 4346 areysrg.
1070 4275 1166 4328 norun
1186 4279 1262 4327 ruer.

479 4359 671 4413 Gatasterismi
693 4356 1020 4427 pseudo-Eratosthenioi
1039 4356 1082 4409 ed.
1101 4355 1195 4408 Maass
1215 4354 1255 4423 (in
1274 4352 1437 4418 Comment.)

584 4459 610 4509 p.
627 4444 776 4492 181-277.
