3292 5200
846 1017 961 1099 Vita.

405 1205 531 1266 loannes
561 1203 683 1264 Mueller
714 1209 801 1264 natus
832 1221 898 1262 sum
929 1200 1136 1264 Offeubacbiae
1166 1205 1197 1262 in
1228 1201 1349 1280 oppido.
1365 1201 1493 1263 Hassiae

317 1322 341 1363 a.
366 1304 393 1363 d.
418 1303 467 1362 XV
490 1301 551 1362 llal.
574 1301 658 1362 Mart.
682 1319 707 1361 a.
730 1299 996 1361 MDCGGLXXVlll
1018 1307 1100 1380 patre
1123 1299 1238 1381 laoobo,
1263 1309 1358 1362 matre
1380 1301 1494 1363 loanna

317 1419 333 1460 e
357 1408 444 1479 gente
467 1399 623 1460 Dornseill.
664 1398 767 1458 Fidem
790 1399 933 1477 profiteor
956 1398 1162 1476 evangelicam.
1204 1397 1384 1459 Litterarum
1407 1400 1493 1460 rudi·

318 1501 425 1560 meniis
448 1497 580 1558 imbutus
603 1515 673 1558 vere
696 1515 720 1556 a.
746 1499 919 1574 octogesimi
941 1499 1059 1575 septimi
1078 1498 1229 1576 gymnasio
1249 1495 1493 1558 Offenbacbiensi

316 1596 443 1658 traditus
467 1615 542 1656 snm.
585 1595 631 1654 lbi
653 1596 774 1656 fuerunt
797 1593 961 1654 Guilelmus
984 1593 1140 1654 Buechner
1162 1612 1218 1654 nee
1241 1611 1301 1654 non
1324 1593 1492 1656 Guilelmus

316 1697 462 1774 Heraeus,
493 1696 544 1772 qul
571 1693 738 1754 litterarum
766 1694 954 1771 antiquarum
982 1709 1112 1752 amorem
1140 1692 1215 1751 mibi
1242 1693 1282 1752 ita
1310 1694 1492 1776 iniecerunt,

317 1800 350 1854 ut
378 1794 555 1852 maturitatis
570 1792 754 1851 testimonio
782 1793 947 1850 instructus
975 1809 1044 1850 vere
1072 1809 1098 1850 a.
1120 1789 1208 1850 XCVI
1238 1787 1350 1850 adirem
1381 1789 1490 1852 almam

316 1891 544 1951 Universitatem
566 1888 793 1966 ,Gottingensem
821 1888 928 1947 studiis
950 1887 1108 1966 philologis
1132 1905 1254 1966 operam
1278 1888 1408 1948 daturus.
1454 1890 1490 1950 ln

317 2008 392 2069 quae
416 1987 571 2065 Gottingae
599 2005 653 2066 per
675 1985 734 2046 duo
759 1988 948 2065 semenstris,
977 1984 1108 2046 Berolini
1132 1983 1258 2045 alterum
1280 2003 1386 2067 unum,
1413 1986 1489 2047 Mar-

316 2089 405 2165 purgi
424 2091 563 2166 quattuor
581 2084 713 2144 incubui
754 2085 903 2144 Autumno
922 2102 947 2142 a.
965 2082 1057 2144 XGlX
1074 2090 1261 2162 praematura
1279 2085 1373 2162 patris
1391 2092 1488 2146 morte

316 2191 436 2245 coaetus
459 2181 679 2244 Ollenbaehiam
703 2183 837 2262 migravi,
860 2181 938 2240 uude
962 2199 1064 2242 mense
1087 2182 1218 2259 Augusto
1241 2184 1396 2260 praeteriti
1419 2185 1489 2244 anni

315 2281 374 2341 huo
397 2279 482 2341 redii.
528 2275 530 2282 '

316 2413 318 2420 ,
404 2377 547 2457 Philologi
570 2380 780 2457 proseminarii
799 2377 955 2456 Gottingae
974 2376 1073 2437 Leone
1092 2384 1122 2437 et
1140 2377 1364 2438 Wilamowilzio
1382 2397 1487 2458 regen-

315 2476 396 2537 tibus
431 2475 540 2536 sodalis
575 2476 617 2536 lui
651 2494 705 2554 per
737 2473 784 2535 bis
817 2495 869 2535 sex
899 2493 1032 2555 menses,
1065 2475 1217 2554 Marpurgi
1240 2475 1339 2536 Birtio
1371 2479 1486 2538 rectore

315 2575 425 2634 alteros
449 2592 509 2634 sex.
554 2573 676 2650 Factum
705 2581 752 2633 est
774 2570 859 2633 Birtii
887 2580 917 2634 et
938 2572 1058 2633 Maassii
1085 2572 1304 2654 benevolentia,
1332 2582 1365 2634 ut
1387 2577 1418 2636 in
1441 2593 1486 2634 se-

315 2673 474 2732 minarium
504 2670 722 2750 philologorum
749 2669 1006 2749 Marpurgensiu'm
1035 2673 1200 2751 reciperer,
1230 2674 1315 2731 cuins
1346 2688 1400 2750 per
1429 2673 1485 2732 duo

317 2771 492 2830 semenstris
521 2768 630 2828 sodalis
657 2769 713 2848 lui,
743 2784 797 2847 per
825 2785 917 2828 renum
946 2769 1053 2828 senior.
1098 2767 1368 2829 Exercitationibus
1392 2787 1485 2848 gram·

316 2869 432 2928 matiois
456 2885 503 2926 me
526 2867 654 2944 benigne
673 2865 858 2927 admiserunt
877 2865 909 2926 G.
928 2850 1070 2945 Wentzel,
1094 2865 1166 2946 Birt,
1188 2865 1300 2927 Tbiele.
1338 2867 1484 2928 Historieo

316 2966 475 3026 seminario
498 2961 582 3024 Nisio
610 2970 726 3024 rectore
754 2982 808 3043 per
832 2983 884 3024 sex
908 2980 1027 3024 menses
1050 2965 1181 3023 interlui.
1228 2963 1396 3025 Germanici
1420 2983 1484 3044 pro-

315 3063 469 3122 seminarii
491 3060 707 3141 Got-tingensis,
738 3062 816 3139 qnod
840 3061 953 3122 Roethe
981 3068 1012 3120 et
1033 3060 1134 3140 Heyne
1162 3062 1404 3143 moderabantur,
1434 3083 1485 3142 per

315 3159 361 3219 bis
394 3178 444 3219 sex
478 3177 597 3219 menses
630 3158 738 3219 sodalis
771 3160 827 3240 ful,
863 3177 918 3238 per
954 3176 1045 3219 unum
1083 3161 1235 3219 seminarii
1266 3159 1483 3238 llarpurgensis

315 3257 500 3318 Sobroedero
523 3263 654 3334 regente.
727 3297 733 3308 ι

403 3353 575 3416 Boenerunt
604 3373 652 3415 me
683 3357 740 3415 viri
769 3355 935 3414 doctissimi
964 3350 1121 3433 Gottingae
1150 3352 1266 3434 Bilthey
1295 3353 1396 3435 lieyne
1426 3355 1481 3416 Leo

268 3525 276 3542 .
314 3452 427 3513 Roethe
446 3452 483 3512 de
497 3452 692 3512 Wilamowitz
711 3449 853 3532 Wentzel,
871 3451 1003 3513 Berolini
1021 3451 1102 3513 Biels
1120 3452 1286 3514 llerrmanu
1306 3451 1337 3513 B.
1353 3453 1482 3515 Sobmidt

314 3549 424 3609 Vahlen
446 3550 482 3609 de
502 3547 695 3610 Wilamowitz
719 3548 836 3610 Winter
860 3543 954 3632 (rruno
973 3544 1228 3634 Aenopontanus),
1250 3549 1400 3630 Marpurgi
1422 3549 1482 3612 Birt

314 3646 441 3707 Koester
456 3640 550 3729 (nuno
564 3639 745 3730 Lipsiensis)
765 3646 957 3708 Kretsehmer
972 3643 1067 3730 (nune
1081 3641 1332 3730 vindobonensis)
1350 3648 1480 3710 lluebne·

314 3762 404 3804 mann
427 3743 523 3803 Maass
546 3743 657 3822 Natorp
681 3744 769 3804 Niese
793 3744 960 3805 Sohroeder
983 3743 1115 3804 Tbiele..

404 3838 517 3911 Quibus
548 3840 685 3902 omnibns
715 3842 787 3902 viris
815 3844 925 3919 gratias
953 3860 1006 3920 ago
1036 3859 1125 3920 quam
1152 3845 1308 3924 maximas,
1338 3846 1478 3923 imprimis

315 3958 385 4000 vero
408 3937 536 3998 Ernesto
559 3938 667 4020 Maass,
698 3957 756 4018 quo
787 3946 818 3999 et
847 3945 967 4000 auotore
999 3948 1030 3999 et
1059 3940 1193 4000 adiutore
1223 3941 1334 4001 taetrum
1363 3949 1421 4021 est,
1450 3950 1479 4002 ut

314 4036 432 4117 studiis,
455 4055 471 4096 e
496 4034 604 4115 quibus
627 4036 677 4097 hie
700 4031 818 4097 libellus
842 4044 924 4098 ortus
941 4023 1007 4118 est,
1030 4055 1150 4116 operam
1174 4055 1324 4120 navarem,
1348 4053 1478 4099 necnon

314 4133 440 4212 Georgio
463 4133 576 4215 Tbiele,
600 4137 652 4214 qui
675 4133 723 4196 illa
747 4134 1026 4196 benevolentissime
1050 4135 1174 4196 fovebat.

794 4328 1008 4338 -—--—-----·—-
