3292 5200
781 401 1000 466 ..20-

306 563 383 625 laedi
406 564 442 625 ab
465 563 601 625 Hercule.
642 563 707 635 Quo
730 580 789 623 non
812 562 963 624 intellecto
971 557 996 646 ¹)
1021 556 1103 646 alii²)
1127 561 1198 624 deos
1222 569 1253 624 et
1275 563 1388 624 fabulas
1411 581 1479 643 per-

307 668 503 744 mutaverunt,
521 655 604 745 aliil)
623 662 697 723 duas
716 663 747 721 in
766 677 856 722 uuam
874 667 1094 721 contraxerunt.
1131 658 1224 720 Aliter
1241 659 1388 722 Manilius.
1425 661 1479 722 llis

306 758 530 820 confusionibus
558 762 620 820 sive
648 761 826 838 contemptis
855 761 916 818 sire
944 760 1088 836 ignoratis
1114 757 1150 818 ad
1173 759 1319 836 integram
1342 759 1379 820 de
1402 756 1479 820 ller-

306 859 390 918 curio
415 859 614 918 narrationem
636 856 722 918 redit.
763 856 807 917 dd
830 855 913 916 illum
932 857 1013 916 enim
1031 855 1130 934 potius
1150 873 1238 935 quam
1260 856 1297 916 ad
1320 855 1479 918 Herculem

306 956 370 1015 eius
389 953 478 1014 verba
497 950 526 1015 ‘e
545 957 631 1015 niveo
650 953 735 1016 lactis
753 954 875 1015 duxisse
894 952 1040 1033 liquorem
1061 950 1066 1034 Ι
1085 949 1221 1014 Pectore'
1240 943 1354 1036 relero,'
1368 956 1477 1034 qulppe

260 1061 267 1068 ’
306 1070 380 1131 quae
409 1051 453 1112 lac
480 1071 497 1112 a
525 1051 638 1113 lunone
667 1053 794 1113 effusum
822 1069 882 1112 non
909 1057 943 1111 ut
969 1050 1098 1112 iaculum
1128 1053 1271 1112 emissum
1301 1052 1477 1130 significent.

305 1149 530 1210 Eratostheuica
540 1143 568 1233 ⁴)
606 1151 697 1230 igitur
728 1149 806 1229 apud
837 1147 991 1210 Manilium
1023 1151 1272 1228 investigavimus.
1327 1147 1411 1210 Unde
1443 1166 1478 1210 ea

305 1249 495 1328 prompserit,
519 1249 652 1327 quaestio
676 1247 713 1308 de
735 1249 834 1326 priore
858 1245 954 1306 lahula
979 1245 1109 1306 docebit:

341 1343 354 1403 l
377 1341 441 1406 735
465 1342 553 1405 Fama
576 1347 665 1406 etiam
688 1346 819 1424 antiquis
843 1343 878 1404 ad
902 1361 956 1404 nos
980 1343 1136 1406 descendit
1159 1343 1195 1404 ah
1218 1346 1317 1405 annis:

464 1441 675 1503 Phaethontem
698 1444 794 1522 patrio
820 1459 912 1502 curru
934 1459 989 1520 per
1012 1443 1096 1520 signa
1118 1441 1273 1523 volantem,

464 1539 539 1600 Dum
563 1558 636 1601 nova
659 1539 929 1619 miratur‘propius
954 1538 1120 1618 spectacula
1143 1537 1246 1599 mundi

464 1636 502 1698 Et
524 1656 600 1717 puer
623 1640 654 1699 in
677 1637 758 1698 caelo
781 1637 866 1718 ludit,
888 1654 1037 1716 curruque
1061 1635 1210 1716 superbus

463 1734 615 1817 Luxuriat,
639 1735 749 1797 mundo
773 1736 855 1813 cupit
877 1741 908 1794 et
930 1735 1041 1794 maiora
1064 1741 1197 1815 parente,

377 1830 442 1894 740
463 1832 640 1894 Monstratas
662 1833 788 1913 liquisse
810 1834 881 1912 vias,
905 1830 1065 1910 orbemque
1089 1833 1236 1910 rigentem

463 1930 644 2010 Imposuisse
667 1929 748 2011 polo;
771 1949 826 1990 nec
850 1931 935 2008 signa
957 1931 1075 1990 insueta
1097 1929 1202 1990 tulisse

463 2027 605 2090 Errantes
629 2035 703 2090 nutu
726 2028 859 2088 flammas
884 2044 1064 2105 currumque
1087 2026 1226 2107 solutum,

464 2125 617 2187 Daharum
640 2126 727 2187 solito
751 2144 851 2207 cursu,
873 2142 1037 2203 curvosque
1061 2123 1226 2202 quadrigas.

463 2222 527 2294 Quo
545 2225 705 2303 querimur
727 2223 860 2283 llammas
883 2227 978 2282 totum
1002 2223 1131 2282 saevisse
1154 2240 1209 2301 per
1231 2221 1343 2302 orbem,

379 2316 444 2380 745
467 2319 685 2400 Terrarumque
709 2339 815 2400 rogum
838 2325 960 2380 cunctas
983 2320 1093 2379 arsisse
1116 2337 1171 2398 per
1194 2318 1294 2401 urbes,

464 2416 538 2479 Cum
560 2437 632 2497 vaga
656 2418 784 2497 dispersi
807 2417 962 2478 lluitarunt
984 2415 1095 2477 lumina
1119 2434 1225 2477 currus

463 2515 500 2576 lit
523 2515 637 2576 caelum
660 2523 798 2576 crustum
821 2511 887 2575 est?
923 2513 993 2575 Luit
1016 2517 1079 2594 ipse
1102 2514 1240 2575 incendia
1265 2515 1392 2576 mundus

463 2611 501 2672 Et
523 2615 618 2673 vicina
642 2616 726 2673 novis
749 2613 911 2692 flagrarunt
934 2612 1032 2672 sidera
1055 2612 1190 2693 llammis,

380 2708 443 2771 749
467 2708 553 2770 Nunc
576 2728 694 2790 quoque
717 2711 871 2790 praeteriti
894 2709 999 2770 facicm
1023 2709 1182 2770 referentia
1206 2727 1301 2771 casus.

304 2823 518 2838 μ--ι-ι-ι-ι-ο-ι

395 2882 458 2936 adn.
475 2881 548 2935 crit:
569 2885 620 2935 738
635 2897 771 2950 onnnque
782 2879 873 2935 (ΝΜ
889 2897 1027 2950 aaronque
1040 2879 1115 2934 LOM
1170 2885 1220 2934 739
1234 2883 1381 2951 parentem
1394 2881 1478 2936 LCV’

253 3021 257 3028 ,
306 2967 357 3017 740
370 2961 510 3032 rigentem
524 2961 568 3032 (cf.
579 2961 618 3014 Ill
628 2963 724 3031 358)G
741 2964 886 3032 regentem
900 2964 953 3015 cet.
1008 2965 1060 3013 743
1076 2959 1222 3029 curvisque
1236 2961 1381 3030 quadrigis
1396 2963 1475 3015 codd.

306 3041 521 3111 744,qnoGV¹·¹
536 3041 644 3111 quidM
659 3042 765 3110 quodh
821 3046 872 3094 746
888 3040 1052 3096 cunctosV’
1105 3039 1285 3094 orbesOMV'
1320 3046 1391 3095 1748
1405 3057 1477 3095 nova

304 3122 403 3176 vicinis
418 3123 497 3176 codd.
513 3139 580 3176 corr.
596 3122 686 3175 Bentl.
702 3121 747 3191 (ci.
762 3122 802 3175 IV
816 3123 878 3190 836)
941 3125 991 3174 749
1011 3120 1166 3174 refereucie
1179 3119 1208 3172 M
1227 3121 1381 3176 reorentia
1394 3120 1417 3174 L
1435 3137 1476 3175 re-

305 3202 429 3258 serantia
443 3204 507 3257 cett.

304 3377 455 3415 mammam
478 3363 624 3430 sugentem
646 3361 858 3431 repraesentant
881 3359 990 3429 aliquot
1013 3359 1128 3430 specula
1146 3362 1176 3414 et
1192 3359 1332 3430 lecythus,
1359 3377 1475 3430 qnorum

305 3441 459 3498 artificibus
485 3441 543 3494 alia
567 3439 681 3494 fabulae
707 3440 797 3495 forma
821 3443 890 3494 nota
914 3441 970 3494 fuit
994 3439 1039 3512 (cf.
1059 3441 1174 3506 Koerte‚
1196 3441 1299 3494 etruslr.
1320 3439 1433 3510 Spiegel
1450 3440 1476 3493 V

304 3538 331 3589 p.
348 3525 381 3573 76
392 3537 431 3588 sq.
462 3520 511 3588 qui
530 3518 686 3587 complures
705 3522 791 3574 testes
811 3519 911 3591 affert).

395 3600 421 3669 1)
440 3599 517 3653 velut
535 3599 637 3667 aliquis
656 3597 877 3668 Geoponicorum
896 3600 1021 3671 insignia
1038 3599 1152 3655 fabulae
1171 3599 1286 3654 sustulit
1304 3599 1352 3670 (XI
1367 3602 1418 3670 19).

394 3682 421 3749 2)
439 3678 563 3732 Achilles
581 3698 608 3748 p.
628 3684 671 3746 55,
688 3685 792 3735 14-16
811 3681 864 3752 (‘rd
884 3681 915 3737 δὲ
934 3681 1003 3735 αὐτὸ
1023 3680 1069 3735 ἐπὶ
1086 3689 1137 3734 τοῦ
1152 3678 1256 3749 Ἑρμοῦ
1275 3678 1347 3749 λέγει
1365 3681 1474 3750 γεγενῆ-

306 3760 376 3814 σθαι
391 3756 634 3828 Ἐρατοσθένης’)ς
653 3759 790 3829 Anonym.
810 3760 823 3812 I
840 3780 868 3830 p.
884 3764 927 3827 95,
943 3766 976 3813 23
987 3777 1060 3830 sqq.;
1080 3759 1152 3830 Hyg.
1171 3759 1245 3812 1143
1261 3778 1288 3829 p.
1304 3761 1346 3826 80,
1363 3762 1473 3812 lli-ll.

305 3839 336 3891 B.
351 3838 380 3892 P.
400 3857 427 3907 p.
444 3843 502 3891 104.
533 3837 606 3908 Hyg.
625 3837 703 3892 1143
722 3858 748 3908 p.
764 3845 807 3906 80,
823 3846 926 3893 17-19
947 3856 996 3893 suo
1015 3840 1106 3893 Marte
1124 3839 1268 3894 novarisre
1287 3839 1404 3894 ridetur.

394 3921 421 3988 3)
441 3917 499 3972 eat.
518 3936 545 3986 p.
562 3923 621 3971 27⁷.

394 4000 421 4067 l)
439 3997 534 4051 Nomai
560 4000 657 4052 auctor
681 3997 870 4052 narrationem
895 3999 1137 4054 Eratosthenicam
1160 4016 1217 4052 non
1238 3999 1328 4052 invita
1350 3999 1474 4052 Minerva

305 4077 436 4143 mutarit,
461 4085 523 4131 cum
542 4077 646 4144 loram,
670 4078 745 4147 qnod
768 4078 837 4133 Iuno
858 4079 968 4132 Baccho
991 4079 1096 4132 furenti
1117 4095 1269 4132 mammem
1291 4078 1473 4146 praebuisset,

305 4157 427 4211 lacteum
446 4157 541 4211 orbem
558 4156 589 4210 iu
608 4157 686 4211 caelo
704 4158 831 4226 posuisse
849 4158 927 4212 dicat
945 4159 1068 4227 (Dionys.
1084 4158 1186 4212 XXXV
1200 4159 1346 4227 dodsqq.):

891 4237 1030 4308 ‘dperlpqe
1048 4238 1102 4307 γάρ

520 4313 648 4387 ’στηρίξω
667 4313 729 4371 κατ’
741 4313 881 4385 Ὄλυμπον
901 4316 1010 4372 ἐοικότα
1029 4318 1130 4372 κύκλον
1148 4315 1248 4388 ἐέρσηι,

520 4395 659 4464 Ἥραίοιο
679 4396 815 4465 γάλακτος
833 4397 987 4466 ἐπώνυμον,
1007 4396 1083 4466 ὄφρα
1102 4394 1221 4466 γεραίρω

520 4475 636 4554 ‘lupoldo
655 4475 861 4545 acceptiorque
880 4476 1045 4541 ἀλεξικάκοο
1064 4475 1110 4531 σέο
1129 4477 1236 4546 μοιζοῦ’,
