3292 5200
669 379 888 452 -21-

188 539 228 601 Hi
246 558 350 602 versus
370 541 608 620 complectuntur
626 545 803 606 sententiam
822 543 858 603 de
877 542 971 604 lacteo
991 545 1103 614 circulo
1118 541 1362 630 Pythagoreqml)

190 657 225 698 eo
250 637 336 698 modo
361 634 562 722 formatam),
590 659 648 719 quo
675 648 762 720 poeta
792 641 911 720 quidam
934 641 1150 704 Alexandrinus
1173 639 1303 728 flexiti),
1330 653 1364 707 ut

188 737 410 796 catasterismos
441 753 528 815 qnam
558 737 702 817 plurimos
731 757 799 798 cum
826 737 1016 802 Phaethontis
1044 742 1132 802 ruina
1159 745 1361 820 coniungeret.

187 832 283 904 Quam
306 833 482 913 placitorum
502 834 707 898 collectionem
724 835 912 898 Manilianam
932 855 999 898 cnm
1019 833 1197 922 Dielesius⁷)
1221 838 1363 900 Posidoni

186 947 255 991 esse
275 931 501 1012 demonstraret,
521 935 674 1011 quaeritur
693 932 819 1012 syllegae
839 936 1020 1013 compositor
1041 953 1078 996 an
1097 935 1234 1000 Manilius
1253 937 1361 999 ductus

186 1027 239 1088 illo
263 1030 394 1090 carmine
413 1028 663 1109 Pythagoreorum
684 1030 909 1110 explicationem
930 1035 1097 1094 mutaverit.
1137 1032 1224 1097 Prius
1244 1053 1278 1098 eo
1299 1037 1361 1094 veri

184 1125 285 1186 simile
309 1127 350 1206 fit,
374 1127 453 1206 quod
476 1127 525 1187 hic
547 1135 643 1208 pocta,
667 1130 724 1188 etsi
748 1127 877 1190 fabulam
895 1128 1124 1192 Phaethonteam
1147 1131 1249 1196 multis
1267 1134 1359 1192 versi-

184 1223 244 1284 bus
268 1230 394 1304 enarrat,
418 1231 515 1285 tamen
539 1224 652 1288 nullum
675 1232 794 1304 praeter
817 1225 945 1286 lacteum
965 1227 1068 1288 orbem
1087 1231 1360 1291 catasterismorum

184 1323 318 1401 attingit,
348 1323 400 1400 qui
430 1321 466 1382 ab
493 1321 691 1384 Alexandrino
722 1325 839 1384 tractati
868 1317 978 1407 sunt.⁵)
1025 1324 1063 1385 Ut
1090 1325 1170 1386 idem
1199 1325 1234 1387 de
1263 1327 1359 1390 fabula

183 1418 605 1500 Eratosthenica'statuamus,
624 1422 757 1500 cogimur
775 1421 869 1482 forma
889 1423 954 1483 eius
974 1428 1131 1483 contracta.
1169 1423 1270 1503 ltaque
1290 1443 1359 1485 con-

183 1515 333 1577 cludimus
356 1517 517 1598 Manilium,
541 1536 629 1596 quem
652 1517 701 1578 illa
726 1512 889 1602 carmina⁷)
913 1521 1079 1598 inspexisse
1102 1539 1288 1600 nequaquam
1313 1524 1357 1583 in-

183 1615 278 1693 fitior,
306 1613 419 1676 fabulas
447 1617 502 1696 ita,
529 1622 562 1676 ut
590 1617 621 1675 in
644 1615 819 1694 placitorum
844 1615 1016 1677 collectione
1041 1619 1206 1700 invenerat,
1231 1623 1358 1680 'carmini

183 1729 394 1773 immiscuisse.

275 1810 426 1871 Summam
445 1811 587 1872 faciamus
606 1811 719 1876 fabulas
739 1829 841 1872 omnes
860 1814 1052 1891 perscrutati:
1071 1813 1222 1876 Manilium
1238 1817 1357 1876 omissis

181 1907 272 1972 lactei
301 1907 382 1968 orbis
410 1907 656 1987 explicationibus
684 1927 781 1988 neque
810 1927 899 1969 novas
925 1912 1111 1971 narrationes
1135 1911 1265 1972 sidereas
1288 1931 1356 1990 pro-

182 2005 263 2064 lerre
292 2011 322 2064 ct
346 2023 413 2065 oum
437 2005 620 2084 compendiis
644 2008 696 2086 iis,
725 2025 799 2085 quae
822 2023 878 2067 nos
901 2014 1051 2087 tenemuS,
1079 2014 1143 2067 arto
1167 2008 1284 2070 vinculo
1307 2028 1354 2068 oo-

180 2102 307 2164 haerere
331 2105 485 2164 evincitur.

520 2294 557 2363 B.
583 2295 629 2360 Ile
653 2285 798 2362 fontibus
822 2294 1018 2364 fabularum.

271 2422 355 2483 Unde
380 2421 493 2484 fabulas
516 2422 653 2484 Manilius
675 2426 869 2504 prompserit,
899 2423 953 2483 hac
977 2425 1008 2484 in
1032 2423 1123 2484 altera
1147 2431 1230 2503 parte
1254 2426 1354 2505 explo-

112 2553 114 2558 ·
180 2539 290 2582 remus
336 2520 380 2581 Ab
405 2539 438 2580 ea
461 2521 693 2601 necessitudine,
716 2540 804 2600 quam
828 2523 906 2583 inter
929 2539 997 2580 enm
1021 2527 1051 2581 et
1074 2521 1217 2600 quosdam
1240 2523 1354 2602 mytho·
1434 2543 1435 2546 ¹

179 2618 309 2698 graphos
332 2619 508 2698 reperimus,
532 2620 767 2697 quaestionem'
759 2621 930 2698 rncipimns

270 2716 354 2794 Apud
377 2714 525 2794 Hyginum
549 2717 606 2776 etsi
629 2733 731 2776 omnes
738 2709 764 2798 ⁷)
788 2715 903 2776 fabulae
925 2715 1100 2777 Manilianas
1125 2727 1284 2779 recurrunt
1308 2719 1353 2780 vel

179 2832 248 2876 rara
272 2812 465 2874 Geminorum
496 2815 700 2891 interpretatio
724 2821 812 2892 atque
836 2815 924 2874 etiam
947 2817 1043 2874 rarior
1066 2814 1103 2876 de
1126 2813 1261 2876 Piscibus
1285 2836 1351 2876 nar·

181 2913 267 2992 ratio,
290 2918 389 2972 tamen
413 2929 448 2970 ex
473 2904 607 2994 errore⁸)
632 2929 691 2972 uno
715 2930 818 2973 eorum
842 2913 991 2972 communi
1016 2911 1155 2990 syllogam
1179 2912 1258 2972 illins
1282 2913 1352 2973 hnic

178 3016 280 3069 notam
307 3009 400 3068 luisse
428 3007 526 3086 colligi
553 3015 633 3068 esset
659 3027 795 3089 pravum,
824 3006 902 3087 quod
924 3007 997 3068 haec
1020 3007 1171 3069 conclusio
1196 3004 1347 3092 aliunde9)

271 3180 296 3248 1)
316 3179 350 3232 cf.
370 3179 484 3234 anatot.
504 3181 617 3234 messor.
636 3179 680 3232 ie
699 3197 726 3249 p.
742 3183 868 3233 acceia.
902 3177 1121 3244 1111111111
1141 3196 1168 3248 p.
1185 3183 1249 3232 sco·
1259 3179 1307 3233 aob
1318 3185 1350 3233 19

179 3259 224 3328 (ef.
244 3258 393 3312 Alexandr.
415 3259 451 3312 ad
469 3259 584 3313 Aristot.
599 3259 616 3312 l.
633 3260 675 3330 c).
704 3259 850 3328 Philopon.
870 3260 899 3312 et
918 3257 1076 3327 Olympiod.
1096 3258 1143 3328 (ad
1157 3257 1208 3312 loc.
1224 3259 1350 3330 Aristot.)

179 3355 280 3409 parum
299 3341 427 3392 accurate
445 3339 577 3392 referunt.

269 3418 423 3488 )Par1ter
447 3421 532 3486 atque
554 3418 688 3472 Manilius
711 3420 827 3473 namant
850 3419 989 3474 Diodorus
1008 3417 1034 3472 V
1052 3423 1099 3486 233
1125 3416 1295 3472 Claudianus
1315 3420 1350 3472 de

178 3499 282 3554 Honor
303 3501 370 3554 sext.
390 3515 464 3552 cons
485 3503 527 3566 23,
544 3504 594 3552 163
605 3517 665 3568 sqq
685 3501 722 3567 (p.
738 3504 788 3552 241
804 3499 892 3564 Birt).

269 3580 295 3648 3)
269 3577 530 3633 3Wilnmowitzio
549 3594 712 3649 praegresso
731 3579 784 3632 boo
802 3577 943 3632 intellexit
961 3576 1079 3632 Knnaolr
1100 3557 1216 3648 (quaest.
1232 3577 1348 3642 Phneth

178 3677 205 3729 p
217 3663 251 3711 38
261 3675 320 3726 sqq
337 3663 378 3710 50
389 3663 471 3726 cinq.
490 3658 610 3712 Hermae
624 3657 827 3726 xxnoaesq..)
847 3656 881 3710 cf
897 3656 1043 3726 Philopon
1058 3656 1110 3712 l..c
1125 3676 1152 3726 p
1165 3663 1224 3724 101,
1235 3663 1347 3712 36—23.

268 3741 382 3806 4)mus.
402 3737 478 3792 rhen.
498 3737 722 3808 minnere)
741 3756 768 3808 p.
784 3743 844 3791 490.

268 3819 294 3887 5)
313 3816 343 3869 hi
362 3818 439 3870 sunt:
458 3816 589 3887 Aurigae,
609 3816 702 3886 Cycni,
721 3818 860 3886 Hyadum,
880 3817 1003 3880 Eridani.

269 3898 294 3968 6)
313 3895 387 3950 Illud
406 3897 441 3949 de
459 3896 634 3954 Phaethonte
658 3913 769 3951 carmen
788 3896 904 3950 Manilio
925 3897 1023 3951 notum
1041 3895 1127 3950 fnisse
1146 3913 1162 3950 e
1181 3897 1288 3966 duplici
1306 3898 1348 3952 fn-

177 3975 262 4034 bulae
276 3977 539 4036 commemoratione
554 3977 675 4030 conicias
691 3977 713 4047 (l
728 3982 778 4030 735
787 3994 846 4046 sqq.
865 3976 904 4030 IV
919 3981 968 4032 831
976 3977 1060 4045 sqq.);
1080 3976 1114 4028 de
1128 3975 1265 4031 Mescinio
1280 3977 1347 4030 Era-

177 4056 335 4114 tosthenloo
353 4073 404 4127 per
422 4072 452 4110 se
470 4056 528 4110 veri
546 4056 637 4110 simile
656 4059 705 4110 est.
1417 4117 1419 4122 ,

268 4138 294 4205 3)
310 4136 482 4190 Mentionem
496 4152 552 4190 non
565 4136 636 4190 facit
650 4137 739 4207 (1133)
754 4137 868 4206 Leporis
882 4135 1046 4201 velocitatis,
1062 4152 1147 4202 quam
1161 4135 1347 4190 catasterismi

178 4231 292 4270 oausam
310 4218 424 4286 poetam
442 4216 574 4272 habuisse
592 4233 649 4270 non
667 4219 710 4271 est
728 4219 834 4279 certum
853 4216 887 4270 cf.
902 4234 929 4286 p.
945 4221 969 4268 3.

267 4297 294 4364 8)
312 4295 354 4348 De
373 4295 493 4363 Aquilae
512 4296 568 4350 situ
588 4295 621 4350 of.
636 4315 663 4365 p.
681 4301 721 4350 10.

267 4377 293 4444 9)
312 4392 378 4429 nem
396 4375 495 4430 Manili
513 4375 598 4429 verba
616 4375 630 4428 I
646 4381 696 4429 301
718 4375 828 4430 ‘Poenis
847 4376 918 4428 haec
936 4374 1098 4446 (Cynosura)
1117 4373 1219 4428 certior
1237 4376 1344 4430 auctor’

178 4471 241 4512 cum
263 4454 308 4513 his
331 4454 438 4525 Hygini
456 4456 481 4508 H
500 4461 515 4509 2
534 4474 561 4524 p.
582 4461 624 4523 33,
645 4461 659 4509 't
681 4456 716 4510 ‘si
733 4456 804 4510 haee
822 4453 985 4532 (Cynosura)
1004 4455 1042 4508 sit
1060 4453 1170 4510 certior’
1191 4454 1263 4510 forte
1282 4471 1346 4511 oon·
