3292 5200
764 375 984 440 ..48-

289 545 386 598 catum
401 582 408 597 .
424 585 430 597 .
446 532 508 620 .'¹),
532 556 548 597 e
570 537 677 615 quibus
701 537 798 598 elucet
816 537 952 598 Cosmam
975 536 1161 616 neglegentia
1185 540 1322 598 omisisse
1346 556 1462 599 comam

289 634 383 695 oculis
411 640 551 713 ereptam.
597 633 718 694 Praeter
746 634 802 694 hoc
830 653 955 712 magnus
982 633 1017 694 ad
1051 635 1174 696 verbnm
1205 636 1266 695 lere
1297 628 1461 697 consensus

289 730 396 810 Hygini
425 730 607 810 Cosmaeque
635 737 729 811 patet,
759 749 817 809 qno
846 731 990 810 probatur
1018 733 1060 812 id,
1092 732 1170 811 quod
1198 732 1235 792 de
1262 733 1352 794 huius
1380 733 1462 794 fonte

289 829 376 889 modo
404 827 635 909 exploravimus,
663 846 731 889 cum
759 828 808 888 ille
835 829 911 889 hanc
938 828 1109 890 historiolae
1137 838 1267 911 partem,
1296 848 1384 908 quam
1409 848 1462 890 ne-

290 945 347 1005 que
375 925 594 986 Catasterismis
622 944 718 1005 neque
746 928 958 986 commentario
987 927 1105 987 cuidam
1132 921 1268 1009 debet²),
1300 946 1317 987 e
1350 926 1462 988 scholio

288 1023 394 1084 Aratea
414 1025 579 1101 copiosiore
600 1016 801 1104 sumpserit.³)
844 1023 1048 1101 Discrepantia
1066 1031 1165 1085 autem
1183 1023 1266 1105 levis,
1290 1043 1365 1103 quae
1384 1027 1463 1085 inter

291 1120 428 1181 Cosmam
451 1128 481 1181 et
503 1119 651 1199 Hyginum
675 1119 879 1199 scholiumqne
904 1128 1052 1181 servatum
1074 1121 1246 1202 intercedit,
1275 1140 1310 1181 ex
1339 1129 1463 1182 coorta

289 1225 348 1297 est,
375 1217 454 1296 quod
477 1217 541 1298 ille,
569 1235 636 1278 cum
664 1219 696 1277 111
724 1216 823 1277 libello
850 1236 904 1278 sno
927 1218 1091 1296 indignatio
1115 1218 1275 1279 Ptolemaei
1297 1219 1374 1280 hand
1399 1221 1462 1279 scio

289 1334 326 1375 an
359 1316 468 1374 omissa
502 1316 605 1396 111111,
642 1333 696 1394 pro
730 1314 858 1376 obscuro
890 1314 981 1374 verbo
1014 1311 1249 1398 εχαριζόμενος’
1283 1333 1336 1377 sno
1368 1315 1463 1376 Marte

290 1408 383 1493 ‘arpos
415 1411 591 1473 κολακείαν
622 1407 722 1493 αὐτῆς
753 1407 971 1494 (Βερενίκηςγ
1004 1431 1117 1474 summa
1147 1415 1325 1474 narrationis
1356 1412 1463 1474 ductus

292 1511 401 1588 posuit.
446 1508 547 1588 ltaque
571 1509 606 1569 ab
631 1527 665 1568 eo
690 1527 862 1569 revocamus
886 1511 1000 1570 crimen
1023 1510 1226 1588 neglegentiae
1250 1517 1280 1570 11
1302 1510 1377 1570 11111
1400 1508 1463 1569 obi-

290 1608 411 1666 ciamus.
449 1605 481 1665 Si
504 1608 545 1666 ita
568 1625 617 1666 res
641 1624 673 1666 se
696 1605 795 1687 habet,
818 1606 940 1667 Cosmus
968 1614 1035 1668 ante
1060 1615 1264 1686 excerptorem
1288 1607 1462 1668 Catasteris-

289 1721 404 1764 morum
434 1698 488 1784 (T)
516 1703 598 1763 Arati
627 1702 771 1764 scholium
800 1705 858 1764 iarn
885 1703 973 1783 paulo
1002 1711 1186 1766 contractum
1214 1704 1356 1765 adhibuit.
1401 1703 1463 1764 lam

291 1799 327 1859 ad
352 1799 423 1860 alias
447 1799 560 1860 tabulas
583 1807 777 1861 transeamus.

378 1895 510 1958 Coronae
537 1904 567 1957 et
593 1897 705 1975 Anguis
734 1897 882 1977 Ophiuchi
908 1901 1094 1961 narrationes
1122 1899 1201 1960 unde
1229 1899 1370 1960 fluxerint
1398 1918 1462 1960 cer·

290 2003 354 2054 11111
377 2013 438 2055 111
460 1993 565 2075 habeo,
589 2013 713 2073 quarum
737 1994 829 2056 altera
852 1995 1019 2074 insignibus
1042 1995 1141 2057 verbis
1161 2005 1250 2078 caret,
1273 1995 1364 2057 altera
1383 1995 1461 2077 apud

290 2091 405 2152 nullum
429 2093 606 2170 scriptorem
629 2091 728 2172 alium,
751 2092 829 2171 quod
854 2095 954 2172 sciam,
977 2095 1115 2154 occurrit.

379 2188 487 2249 Leonis
517 2207 634 2268 quoque
663 2189 848 2250 historiolam
876 2191 925 2250 cui
952 2189 1058 2251 debeat
1080 2193 1111 2251 in
1135 2189 1232 2251 medio
1256 2190 1463 2271 relinquimus,

290 2304 358 2347 cum
389 2287 470 2346 Arati
501 2286 657 2346 scholiasta
690 2281 729 2368 (v.
752 2284 814 2348 149
837 2305 866 2365 p.
890 2281 971 2370 365)
1002 2287 1098 2347 obiter
1129 2290 1308 2366 perstringat
1338 2294 1367 2348 et
1397 2289 1463 2348 eius

290 2391 440 2462 postrema
469 2385 500 2443 in
524 2382 742 2444 Catasterismis
770 2377 889 2462 verba4)
915 2377 956 2466 (p.
976 2382 1075 2464 root,
1095 2381 1230 2466 12-16)
1256 2387 1355 2445 nescio
1383 2384 1462 2445 unde

290 2473 498 2560 inte1·potata⁵)
524 2483 591 2541 sint.
635 2480 757 2542 Cosmas
781 2483 844 2560 ipse
869 2481 985 2541 aliunde
1010 2484 1231 2543 exornationem
1256 2481 1370 2542 tabulae
1393 2500 1462 2560 pro-

290 2596 372 2637 mere
395 2580 500 2656 potuit.

379 2673 497 2734 Orionis
521 2677 712 2756 narrationis,
743 2694 817 2754 quae
841 2678 871 2735 in
896 2676 968 2736 duas
992 2676 1084 2736 divisa
1108 2684 1167 2757 est,
1190 2678 1321 2755 priorem
1344 2684 1460 2755 partem

291 2773 347 2832 etsi
370 2773 509 2831 variatam
534 2771 642 2832 auxilio
661 2774 743 2833 111111
765 2774 849 2832 latini
872 2775 903 2832 in
923 2772 1147 2833 Catasterismos
1171 2776 1348 2852 integriores
1373 2791 1462 2852 snpra

291 2865 333 2951 (p.
351 2865 409 2949 46)
433 2869 615 2950 reduximus,
638 2868 729 2930 altera
753 2870 788 2930 ad
813 2869 935 2930 verbnm
958 2871 1019 2930 iere
1044 2888 1210 2949 congruens
1234 2870 1344 2931 ibidem
1366 2870 1462 2931 adhuc

293 2973 388 3026 exstat
411 2960 573 3048 (1124911,
596 2962 733 3048 16111).
780 2967 891 3026 Tamen
914 2967 1061 3046 decipitur
1084 2970 1136 3045 qui
1160 2967 1295 3027 Cosmanr
1320 2966 1462 3047 ampliore

290 3062 408 3123 illorum
432 3063 507 3123 libro
531 3081 618 3124 nsum
642 3083 707 3123 esse
732 3065 785 3124 hac
809 3083 825 3123 e
849 3082 881 3123 11
906 3063 1069 3124 concludat.
1116 3064 1247 3124 Primum
1277 3067 1357 3125 enim
1381 3067 1463 3143 prior

290 3160 379 3220 huius
412 3159 508 3220 sabula
542 3160 712 3238 singillatim
745 3179 760 3220 3
794 3159 1013 3221 Catasterismis
1045 3160 1171 3221 multum
1204 3162 1318 3242 differt,
1355 3161 1461 3221 deinde

291 3256 413 3318 alteram
441 3257 597 3336 aliqnando
627 3256 662 3317 ab
691 3258 749 3318 illis
778 3257 903 3317 alienam
932 3260 1007 3318 seris
1031 3258 1149 3317 demum
1173 3258 1358 3337 temporibus
1381 3258 1462 3319 Arati

380 3483 405 3551 1)
425 3482 459 3535 cf.
480 3481 580 3536 Catull.
601 3488 642 3549 66,
663 3487 747 3551 blsq.

379 3567 406 3627 2)
426 3561 498 3631 Hyg.
518 3580 545 3630 p.
562 3568 608 3630 66,
624 3569 657 3616 23
674 3595 706 3602 -
723 3567 769 3629 61,
785 3568 800 3615 2
820 3586 854 3610 ω
873 3562 932 3618 oct.
951 3581 978 3631 p.
993 3567 1059 3630 201;
1079 3562 1124 3615 BP
1142 3581 1169 3631 p.
1186 3568 1231 3628 12,
1249 3566 1365 3630 19sqq.;
1388 3561 1461 3631 Hyg.

289 3659 316 3709 p.
333 3646 375 3706 61,
392 3645 496 3692 18-26
514 3665 549 3688 ω
568 3641 627 3695 Cat.
648 3641 682 3694 cf.
696 3660 723 3710 p.
740 3647 773 3695 41
794 3643 857 3695 adn.
874 3649 903 3709 23
922 3642 994 3712 Hyg.
1013 3661 1040 3711 p.
1061 3647 1102 3709 61,
1123 3648 1227 3696 11-18
1246 3642 1364 3695 fortasse
1382 3641 1463 3694 fluxit

291 3736 306 3773 e
325 3720 524 3773 commentario
544 3720 702 3774 Catulliano
722 3721 756 3776 cf.
776 3721 880 3790 Haupt,
900 3740 964 3791 opp.
984 3721 997 3773 I
1015 3727 1057 3775 60.
1085 3722 1192 3776 Robert
1208 3741 1235 3790 p.
1255 3726 1341 3789 lsqq.

380 3802 406 3868 3)
425 3799 497 3869 Hyg.
517 3818 545 3868 p.
566 3806 608 3868 61,
628 3807 713 3853 2-11
739 3802 878 3854 consentit
900 3818 963 3854 cum
982 3801 1088 3855 scholio
1107 3802 1210 3856 Arateo
1230 3803 1263 3871 (v.
1285 3807 1336 3854 144
1354 3820 1380 3870 p.
1401 3806 1462 3867 363,

292 3884 325 3931 13
337 3880 407 3947 sqq.)
432 3880 507 3947 quod
531 3880 644 3947 quando
667 3880 780 3934 uberius
804 3880 889 3934 fuisse
909 3880 1027 3933 obseura
1045 3880 1129 3934 verba
1152 3878 1342 3951 τχειριζόμενος
1359 3883 1463 3934 Πτολε-

290 3955 386 4027 μαίωι’
412 3959 611 4013 demonstrant.
650 3959 723 4013 Nam
745 3977 778 4014 ea
797 3977 853 4013 non
872 3962 936 4013 sunt
954 3959 1145 4029 intellegenda
1163 3961 1218 4014 nisi
1236 3960 1381 4029 praecedit
1398 3977 1462 4013 nar-

290 4038 376 4105 ratio,
395 4054 467 4106 quae
486 4039 521 4092 de
540 4039 614 4092 bello
633 4039 789 4093 Ptolemaei
807 4041 836 4092 et
853 4041 1000 4094 Berenices
1018 4041 1082 4094 voto
1102 4043 1155 4105 est,
1175 4040 1217 4094 ita
1235 4043 1267 4093 ut
1284 4037 1463 4110 χαριζόμενος

291 4118 328 4170 ad
351 4134 459 4171 comam
482 4121 593 4186 raptam
616 4120 645 4173 et
663 4135 758 4189 regem
775 4119 829 4173 hoc
848 4135 931 4189 aegre
950 4120 1085 4173 ferentem
1104 4121 1218 4188 spectet.
1256 4118 1317 4172 Hac
1336 4121 1462 4173 contrac-

289 4197 367 4250 tione
385 4197 492 4250 factum
511 4201 561 4265 est,
580 4201 612 4252 ut
630 4198 725 4252 Conon
744 4199 858 4252 deorum
876 4202 970 4269 partes
989 4215 1075 4269 agens
1094 4199 1135 4252 ibi
1153 4200 1309 4253 inducatur.

379 4279 406 4346 4)
426 4277 603 4342 Quaeruntur
620 4278 650 4331 in
668 4279 795 4332 versione
813 4278 916 4346 latina,
940 4279 1016 4348 apud
1035 4278 1178 4348 Hyginum
1197 4278 1232 4349 (Π
1251 4285 1285 4332 24
1303 4297 1329 4347 p.
1351 4284 1398 4347 66,
1417 4281 1462 4351 23)

291 4356 453 4425 scholisque
472 4356 630 4410 Germanici
649 4358 704 4427 (BP
721 4376 749 4426 p.
766 4361 856 4429 121),

380 4438 406 4514 ὃ)
426 4435 460 4491 cf.
479 4436 578 4505 Rehm,
596 4455 637 4506 pr.
656 4455 682 4508 p.
699 4437 795 4490 XXIH.
