3292 5200
685 373 907 459 -234

369 555 408 618 Et
429 559 507 618 lurto
532 556 672 638 Cycnum,
694 559 804 636 pietate
828 557 864 617 ad
888 555 985 619 sidera
1010 558 1129 619 ductam

369 655 527 735 Erigonen,
551 657 670 734 ictuque
694 654 814 735 Nepam,
839 654 992 734 spolioque
1016 654 1146 715 Leonem

369 751 407 812 Et
428 771 529 812 morsu
554 751 708 833 Cancrum,
731 751 832 812 Pisces
856 751 1032 832 Cythereide
1055 771 1150 833 versa,

369 848 546 928 Lanigerum
571 852 648 911 victo
672 850 829 911 ducentem
853 849 951 910 sidera
974 859 1063 929 ponto

303 943 348 1009 35
370 947 534 1026 Ceteraque
557 965 593 1007 ex
616 949 706 1008 variis
729 947 887 1026 pendentia
911 947 1028 1009 casibus
1051 954 1131 1007 astra

368 1045 494 1105 Aethera
517 1064 572 1124 per
595 1063 743 1106 summum
766 1044 923 1106 voluerunt
945 1046 1001 1105 lira
1026 1044 1144 1105 revolvi.

369 1142 501 1213 Quorum
524 1142 705 1203 carminibus
729 1141 804 1202 nihil
827 1149 873 1202 est
895 1144 954 1203 nisi
977 1141 1074 1203 fabula
1099 1141 1214 1204 caelum

369 1239 495 1301 Terram
519 1241 685 1319 composuit
708 1239 831 1320 caelum,
854 1257 930 1318 quae
953 1239 1064 1319 pendet
1086 1238 1122 1300 ab
1146 1239 1205 1300 illo.

208 1338 393 1417 Quamquam
415 1336 522 1398 horum
545 1344 679 1416 tempora
703 1331 931 1420 scriptoribus1)
958 1344 1043 1398 antea
1066 1344 1228 1416 posteaque
1252 1356 1380 1398 comme-

208 1438 332 1496 moratis
355 1436 552 1496 terminantur
576 1441 605 1494 et
623 1437 742 1496 uomina
763 1433 920 1494 multorum
940 1444 1094 1513 poetarum
1113 1437 1380 1496 astronomicarum

208 1541 297 1613 atque
321 1535 411 1594 etiam
434 1533 597 1611 fragmenta
622 1532 727 1592 tradita
735 1525 760 1615 8)
785 1539 866 1612 sunt,
894 1539 992 1593 tamen
1015 1533 1071 1592 hos
1094 1550 1198 1592 versus
1222 1532 1258 1592 ad
1282 1539 1380 1593 certos

208 1631 322 1691 referre
346 1632 517 1711 nequimus,
547 1647 615 1690 cum
638 1648 672 1690 ex
697 1629 757 1689 illis
781 1623 863 1712 alii³)
886 1647 995 1706 paucas
1018 1636 1134 1690 tantum
1157 1628 1269 1691 fabulas
1292 1622 1378 1712 alii4)

209 1746 269 1789 non
296 1746 347 1788 eas
376 1734 516 1802 tractent,
545 1744 619 1806 quae
648 1727 698 1787 hic
725 1727 937 1805 significantur.
983 1726 1087 1805 ltaque
1114 1745 1218 1788 versus
1248 1745 1285 1787 ne
1313 1745 1379 1805 pre-

208 1845 324 1886 mamus
355 1825 407 1886 sed
435 1825 599 1885 iudicemus
627 1823 778 1885 Manilium
807 1842 910 1885 omnes
938 1833 1040 1902 poetas
1068 1823 1294 1904 Alexandrinos,
1328 1825 1380 1903 qui

209 1923 330 2002 quidem
358 1921 471 1983 fabulas
500 1923 632 1982 siderum
659 1923 827 2000 figurasque
851 1920 1083 2001 celebraverant,
1113 1921 1254 1981 neclectis
1279 1923 1379 1998 singu-

208 2020 306 2081 lorum
338 2019 454 2080 iuribus
488 2022 519 2079 in
549 2036 638 2080 unam
668 2019 808 2080 lamiliam
839 2036 1042 2096 congregasse.
1088 2016 1169 2078 llanc
1201 2019 1378 2078 sententiam

208 2118 336 2197 probant
367 2117 456 2179 verba
488 2113 620 2196 ‘quidam
653 2113 766 2176 dixere'
800 2110 840 2199 (v.
860 2109 917 2198 25)
950 2123 980 2176 et
1013 2111 1151 2194 ‘quorum
1184 2111 1378 2176 carminihus’

210 2209 250 2298 (v.
272 2209 329 2297 31)
354 2221 442 2294 atque
466 2207 571 2296 ordo⁵)
595 2217 797 2275 narrationum
822 2215 980 2274 inusitatus
1005 2213 1055 2273 sed
1083 2212 1319 2273 accommodatus
1343 2211 1379 2272 ad

208 2314 392 2373 memoriam.
438 2311 576 2372 Testatur
599 2313 690 2389 igitur
713 2319 799 2390 poeta
824 2318 949 2390 utroque
973 2309 1051 2390 loco,
1080 2309 1158 2388 quod
1187 2307 1299 2368 dudum
1322 2311 1379 2369 sci·

209 2411 315 2490 vimus,
339 2427 370 2468 se
391 2407 656 2469 Alexandrinorum
680 2408 864 2487 quorundam
888 2410 1018 2468 carmina
1041 2407 1237 2467 astronomica
1261 2405 1378 2484 legisse.

298 2506 399 2566 Tertio
427 2505 492 2565 loco
515 2505 652 2566 Manilius
675 2505 839 2566 delentibus
863 2505 934 2565 solis
958 2504 1102 2584 lunaeque
1126 2503 1279 2582 explicatis
1306 2503 1380 2564 dicit

210 2603 246 2664 lV
265 2600 329 2666 848
354 2599 501 2682 ‘ecliptica
531 2605 614 2682 signa
638 2603 740 2665 dixere
764 2599 896 2682 antiqui'.
943 2602 1022 2663 llaec
1049 2600 1138 2661 verba
1166 2619 1220 2680 per
1248 2619 1279 2661 se
1309 2604 1378 2661 sim-

211 2701 297 2780 plicia
325 2703 445 2762 maximi
473 2703 614 2761 momenti
643 2708 724 2781 sunt,
753 2701 830 2779 quod
858 2701 965 2760 iisdem
989 2699 1092 2760 eadem
1116 2698 1275 2776 disputatio
1298 2699 1380 2758 Arati

301 2876 326 2942 1)
345 2871 479 2926 Manilius
497 2871 622 2940 loquitur
640 2873 675 2925 de
694 2871 813 2925 Homero
832 2876 972 2939 v.1sqq.;
992 2872 1026 2923 de
1037 2867 1168 2944 ,Hesiodo
1186 2887 1210 2922 v.
1227 2874 1259 2922 11
1270 2886 1329 2936 sqq.
1346 2901 1379 2908 -

212 2959 257 3022 243
277 2952 312 3006 de
326 2952 474 3007 Theocrito
488 2971 511 3004 v.
528 2956 641 3005 39-42.
675 2950 781 3016 Quibus
799 2949 890 3021 poetis
904 2948 1100 3004 Alexandrinis
1118 2964 1213 3001 versus
1232 2950 1379 3015 sequentes

212 3035 336 3103 (ne-45)
356 3030 533 3086 adscribendi
552 3031 609 3085 sint
628 3031 659 3085 G.
678 3030 796 3084 Knaaclx
814 3029 904 3100 (Anal.
920 3027 1200 3082 Alexandrino-Rom.
1215 3046 1242 3096 p.
1260 3029 1302 3097 12)
1321 3044 1380 3081 rec-

211 3114 266 3167 tius
286 3113 382 3167 docuit
400 3128 485 3180 quam
504 3110 620 3165 Schulze
639 3113 718 3180 (mus.
737 3110 814 3163 rhen.
835 3113 877 3176 53,
893 3113 943 3162 541
955 3109 1033 3178 sqq).

299 3195 325 3262 2)
345 3192 455 3257 Eorum,
475 3192 524 3258 qui
540 3190 736 3244 Phaenomena
755 3189 932 3258 scripserunt,
952 3189 982 3241 in
1001 3205 1113 3241 censum
1131 3186 1247 3240 veniunt
1265 3186 1295 3239 hi
1313 3203 1379 3256 poe-

211 3275 269 3327 tae:
285 3271 480 3336 Callimachus,
495 3270 649 3335 Anacreon,
663 3269 828 3334 Alexander,
844 3269 1029 3338 Hegesianax,
1044 3266 1213 3336 Hermippus
1228 3265 1273 3336 (cf.
1286 3266 1379 3319 Maass

211 3353 287 3406 Arat.
302 3371 329 3421 p.
346 3357 396 3406 121
407 3353 485 3421 sqq).
520 3349 565 3403 Ad
578 3350 628 3403 hos
644 3351 708 3403 sunt
723 3348 869 3403 afferendi:
889 3347 1077 3416 Epimenides,
1097 3346 1303 3412 Eratosthenes,
1322 3345 1380 3399 Pe.-

210 3433 356 3488 Hesiodus.

299 3514 325 3581 3)
345 3511 531 3566 Callimachus
550 3509 683 3564 tractavit
701 3508 815 3564 Comarn
828 3509 983 3575 Berenices,
1002 3504 1182 3576 Epimenides
1196 3505 1307 3560 fabulas
1322 3521 1380 3558 cre-

211 3592 291 3660 ticae,
309 3591 507 3645 Eratosthenes
525 3589 678 3644 lcarienses
696 3589 737 3658 (in
755 3589 887 3658 Erigone)
908 3588 936 3642 et
954 3586 1145 3651 Mercuriales,
1170 3601 1243 3655 quae
1261 3587 1327 3639 sunt
1345 3586 1380 3638 (10

211 3673 284 3740 Lyra
303 3673 332 3725 et
348 3671 439 3724 lacteo
458 3669 532 3724 orbe.
566 3668 611 3721 Ad
624 3668 836 3722 Ps.-Hesiodum
855 3669 930 3721 certo
944 3667 1103 3721 reducimus
1118 3666 1192 3720 solas
1207 3666 1379 3720 narrationes
1456 3664 1459 3669 '

212 3751 246 3806 de
265 3750 394 3816 Callisto,
414 3749 515 3804 Orione
534 3749 742 3817 Pliadibusque.
782 3747 838 3801 Sub
857 3747 1042 3802 Anacreontis
1060 3746 1172 3801 nomine
1190 3746 1319 3815 Hyginus
1337 3759 1380 3797 re-

211 3831 265 3885 fert
283 3829 410 3885 fabulam
429 3831 464 3884 de
483 3828 617 3883 Genioulo
637 3829 701 3897 (iic
720 3847 748 3897 p.
764 3830 815 3898 42),
836 3827 887 3881 sub
906 3826 1059 3880 Alexandri
1078 3827 1112 3879 de
1131 3824 1277 3892 Hyadibus
1296 3824 1378 3894 (1121

210 3929 237 3979 p.
253 3912 306 3980 63),
326 3909 427 3978 quibus
447 3908 584 3962 sideribus
603 3909 650 3962 hic
667 3909 753 3976 poeta
770 3907 944 3960 narrationes
963 3923 1019 3960 non
1038 3905 1194 3973 adscripsit.

300 3992 327 4060 4)
345 3989 432 4043 Nulla
454 3988 552 4042 fabula
578 3990 627 4042 aut
649 3987 797 4056 Hermippi
823 3989 872 4040 aut
894 3984 1107 4055 Hegesianaotis
1133 3983 1209 4053 apud
1231 3979 1379 4034 Manilium

211 4069 327 4140 legitur,
351 4085 387 4123 ne
410 4085 506 4123 earum
525 4068 639 4137 quidem
656 4067 728 4133 ulla,
752 4083 821 4134 quas
841 4065 878 4120 ad
896 4065 959 4120 illos
977 4065 1083 4118 Robert
1099 4062 1285 4132 probabiliter
1302 4078 1379 4115 revo-

212 4149 286 4203 cavit
304 4151 340 4219 (p.
357 4154 407 4202 222
418 4150 480 4218 sq).

300 4231 327 4299 5)
346 4229 493 4283 Praecedit
501 4228 696 4282 Andromedae
709 4227 826 4293 familia,
841 4227 973 4280 secuntur
985 4223 1057 4278 lovis
1072 4239 1179 4277 amores
1192 4221 1378 4289 nutricesque,

209 4309 449 4364 enumerationem
467 4309 530 4362 linit
548 4309 689 4372 zodiacus,
713 4308 743 4360 in
762 4323 817 4376 quo
836 4307 897 4376 ipso
916 4304 1030 4359 fabulae
1049 4303 1201 4358 secundum
1219 4302 1286 4355 deos
1306 4317 1380 4354 com-

210 4389 321 4458 positae
339 4391 404 4443 sunt
423 4389 558 4458 (Bacchus
579 4388 735 4458 [Erigone],
759 4387 850 4442 Diana
870 4385 986 4456 [Nepa],
1005 4383 1138 4438 Hercules
1158 4384 1233 4455 [Leo‚
1254 4381 1377 4454 Cancer]‚

212 4468 305 4524 Venus
325 4469 450 4541 [Pisces],
469 4469 587 4523 Phrixus
605 4467 674 4522 deae
693 4467 766 4521 iilius
786 4465 921 4538 [Aries])..
