3292 5200
691 423 821 521 ...ῃ
869 459 911 468 ..

212 578 332 668 uliam²)
351 585 552 646 narrationem
572 587 706 663 quamvis
726 584 854 646 similem
874 583 1046 645 adscribunt
1063 590 1097 644 ut
1113 577 1293 668 Nigidius2),
1312 583 1384 644 Ger·

211 676 394 764 manicus³),
424 681 557 761 Hyginus
586 681 749 743 tabularum
780 683 973 762 compositor,
1006 687 1056 741 aut
1085 680 1197 741 nullam
1228 687 1261 742 ut
1290 675 1384 763 Cat4)

212 779 288 841 Cum
317 799 353 840 ex
381 779 488 839 horum
516 781 734 858 comparatione
759 778 952 857 intellegatur
975 780 1006 839 in
1029 781 1180 839 communi
1203 779 1283 839 lonte
1308 785 1385 839 cata·

213 879 369 938 sterismos
398 879 530 937 omnium
552 876 683 938 Piscium
710 895 769 938 una
797 875 895 937 labula
923 868 1115 959 explicatos⁶)
1146 882 1176 936 et
1198 877 1230 936 in
1253 876 1386 955 descrip-

211 977 294 1036 tione
312 977 462 1035 minorum
479 973 516 1034 ad
535 976 656 1035 maioris
675 974 842 1053 delegatum
856 966 992 1056 luisse⁶),
1011 979 1133 1052 apparet
1146 971 1296 1052 Hyginum
1310 973 1386 1033 duos

211 1073 311 1132 fontes
339 1070 522 1152 contudisse,
549 1090 675 1150 quorum
704 1091 740 1132 ex
769 1071 862 1132 altero
890 1072 1091 1132 narrationem
1118 1089 1154 1130 ex
1180 1069 1273 1144 altero
1296 1069 1386 1130 verba

212 1169 250 1230 ad
279 1170 483 1248 cognationem
507 1167 637 1230 Piscium
664 1171 843 1248 pertinentia
871 1161 1060 1251 prompsit.⁷)
1105 1167 1160 1228 Hic
1184 1169 1213 1228 ei
1235 1174 1282 1228 est
1305 1185 1386 1228 conr-

212 1268 313 1328 munis
332 1273 362 1326 et
380 1266 609 1347 mytbograpbis‚
633 1265 715 1327 illinc
733 1264 870 1327 Manilius
894 1283 1011 1346 quoque
1031 1272 1061 1325 et
1080 1265 1201 1327 Ovidius
1221 1263 1386 1345 Ampelius-

214 1381 273 1444 que
297 1361 468 1425 hauserunt.
513 1362 590 1424 Eum
613 1363 779 1442 indagaturi
802 1362 979 1442 Diognetum
1001 1361 1207 1445 Erythraeum,
1235 1370 1387 1424 auctorem

212 1455 355 1544 Hygini⁸)
378 1478 502 1540 prorsus
526 1461 670 1540 ignotum,
692 1460 883 1540 neclegemus
907 1466 936 1520 et
960 1466 1079 1520 utemur
1097 1462 1142 1521 eis
1161 1459 1288 1542 indiciis,
1313 1479 1387 1540 quae

212 1575 269 1618 nos
297 1559 391 1636 magis
420 1557 567 1618 adiuvant.
614 1558 697 1637 Signi
725 1560 975 1639 catasterismum,
1006 1546 1073 1618 curn
1096 1556 1229 1637 Hyginus
1257 1559 1322 1636 ipse
1351 1556 1387 1618 de

216 1657 282 1716 eius
297 1654 516 1715 necessitudine
532 1662 562 1715 et
576 1653 749 1734 Capricorni
764 1647 935 1738 loquaturl)
955 1662 985 1715 et
997 1653 1135 1715 Manilius
1154 1673 1223 1715 eum
1241 1672 1300 1716 una
1319 1672 1388 1715 cum

213 1751 317 1813 multis
346 1751 517 1813 discrimine
545 1770 605 1813 non
633 1753 709 1813 lacto
737 1752 839 1813 alienat
869 1745 1004 1835 (1133),
1032 1754 1118 1832 quasi
1146 1769 1248 1813 omnes
1277 1751 1387 1813 ibidem
1455 1767 1457 1774 ¹

214 1851 376 1930 invenerit,
403 1867 463 1910 non
491 1849 528 1910 ab
556 1848 622 1910 aliis
651 1849 843 1911 dissociatum
873 1849 925 1910 sed
953 1851 984 1909 in
1012 1848 1177 1911 fabularum
1205 1849 1315 1928 sylloga
1338 1868 1388 1909 ex-

214 1949 328 2008 stitisse
361 1946 535 2026 colligimus.
580 1945 623 2008 bd
656 1947 779 2008 eandem
813 1945 1034 2009 conclusionem
1064 1945 1216 2027 Ampelius
1225 1937 1264 2029 1⁰)
1297 1945 1387 2007 ducit.

213 2043 422 2105 Narrationem
445 2045 514 2106 inde
537 2051 704 2124 promptam
727 2045 808 2106 bunc
830 2052 948 2124 poetam
972 2062 1026 2105 suo
1049 2043 1142 2105 Marte
1166 2043 1271 2112 leviter
1293 2051 1389 2112 mutar

215 2144 294 2202 visse
313 2144 459 2203 evincitur
478 2161 626 2204 consensu
643 2143 752 2223 Hygini
770 2141 924 2223 Ovidique.
970 2141 1045 2202 Nam
1064 2141 1194 2203 dubitari
1212 2160 1272 2202 nou
1290 2147 1389 2222 potest

214 2271 430 2284 b*—

306 2343 332 2411 1)
351 2341 387 2394 de
406 2340 463 2396 Oro
484 2340 581 2409 Syrtes
600 2341 677 2395 deae.
929 2361 933 2370 ·

305 2422 332 2490 2)
352 2421 427 2489 apud
446 2420 476 2474 B.
491 2420 521 2473 P.
540 2439 567 2490 p.
583 2425 626 2489 81,
641 2425 675 2474 20
695 2422 725 2475 61
741 2419 902 2490 Mpelium
920 2419 1009 2487 H12;
1028 2435 1043 2473 a
1061 2417 1177 2490 Nigidio
1196 2416 1337 2473 fluxerunt
1355 2432 1390 2473 aa

216 2515 335 2569 quoque,
356 2516 428 2569 qnae
447 2500 524 2570 apud
541 2499 764 2554 Ps-Dosithenm
782 2499 821 2570 (0.
837 2499 879 2554 Gl.
895 2500 924 2553 L.
939 2499 978 2553 111
993 2503 1035 2567 52,
1051 2502 1077 2570 7)
1095 2498 1234 2568 leguntur.

307 2582 333 2650 6)
351 2585 452 2634 1666.
472 2611 505 2620 -
525 2580 597 2650 Hyg.
617 2579 673 2634 feb.
690 2585 749 2633 197.

180 2711 182 2714 .
305 2662 333 2729 4)
351 2678 378 2728 p.
394 2666 454 2713 224.
474 2689 507 2700 -
526 2661 608 2713 Arati
622 2659 774 2714 scholiasta
788 2661 835 2729 (ad
849 2678 873 2715 y.
889 2662 951 2730 269)
970 2659 1045 2714 Pisci
1059 2659 1177 2714 australi
1190 2655 1317 2713 fabulam
1330 2655 1390 2712 Pis·

217 2739 292 2793 cium
309 2739 484 2809 geminorum
502 2756 648 2809 perperam
667 2740 788 2794 subiecit
806 2739 840 2795 cf.
857 2740 915 2794 Cat.
930 2759 957 2809 p.
974 2746 1033 2794 261.
1053 2739 1083 2793 Τ.
1099 2758 1126 2808 p.
1143 2745 1190 2808 133
1209 2738 1239 2792 B.
1255 2740 1284 2793 P.
1298 2757 1326 2808 p.
1343 2743 1390 2806 983

216 2819 290 2888 Hyg.
305 2819 392 2888 1141;
411 2819 507 2874 Arion.
523 2838 547 2874 v.
563 2823 623 2874 641.
640 2824 699 2874 646.

307 2902 334 2970 ὅ)
353 2899 411 2954 cat.
431 2918 458 2968 p.
478 2904 542 2967 2613
566 2899 596 2952 Τ.
616 2905 694 2968 p.13
715 2899 776 2964 ‘obe
797 2899 907 2964 πάντας
929 2897 969 2954 dc’
991 2895 1101 2969 ἐκείνην
1117 2895 1284 2968 Ἀφροδίτης
1302 2893 1390 2953 οὖσαν

216 2977 362 3048 θυγατέρα
377 2979 426 3033 καὶ
440 2976 571 3050 ἐτίμησαν
585 2981 634 3034 καὶ
648 2979 677 3034 ἐν
691 2988 751 3043 τοῖς
764 2979 877 3048 ἄστροις
892 2979 1022 3049 ἔθηκαν.
1041 2979 1072 3032 Β.
1083 2978 1112 3032 P.
1128 2996 1155 3046 p.
1167 2983 1214 3046 993
1228 2976 1301 3047 Hyg.
1312 2978 1389 3031 1141.

308 3061 335 3129 6)
354 3058 389 3113 cf.
408 3078 435 3128 p.
457 3064 490 3113 16
510 3060 574 3112 adn.
594 3065 618 3113 6.

309 3141 334 3209 7)
352 3138 425 3207 Hyg.
444 3137 471 3192 H
487 3144 521 3192 30
539 3156 566 3209 p.
584 3144 714 3207 70,18-
726 3145 793 3206 71,1
809 3165 843 3186 =
858 3138 937 3192 Ovid.
953 3165 987 3184 =
1001 3137 1098 3192 Manil.
1114 3163 1148 3183 =
1162 3135 1284 3205 Ampel.;
1303 3153 1331 3206 p.
1348 3141 1390 3203 71,

219 3224 244 3286 1,
259 3225 274 3271 2
290 3245 323 3264 =
339 3218 397 3274 Oat.
413 3220 465 3273 etc.
485 3217 519 3272 cf.
533 3237 561 3288 p.
578 3225 611 3273 16
626 3219 689 3273 adn.
706 3225 734 3287 63
758 3219 835 3272 idem
854 3219 931 3273 cadit
949 3217 979 3271 in
998 3216 1104 3272 scholia
1122 3216 1293 3282 Germanici,
1318 3231 1390 3286 qnae

217 3297 345 3352 fabulam
361 3297 547 3368 Nigidianum
564 3299 655 3352 verbis
674 3315 690 3352 e
709 3297 848 3352 communi
867 3298 944 3352 fonte
963 3297 1099 3367 promptis
1119 3298 1318 3351 annexuerunt.

309 3380 335 3448 8)
354 3377 436 3431 riso.
464 3377 513 3444 Ha,
533 3395 606 3447 quae
625 3378 731 3432 Robert
744 3397 771 3447 p.
787 3383 838 3431 233
858 3380 887 3431 61
905 3377 995 3432 Behm
1008 3397 1035 3447 p.
1052 3383 1085 3430 32
1096 3395 1135 3445 sq.
1167 3377 1202 3431 de
1220 3376 1275 3431 hac
1292 3375 1391 3431 fabula

218 3457 382 3526 Hyginiarra
400 3458 598 3524 disseruerunt,
619 3459 725 3512 caduca
744 3460 815 3511 sunt.

308 3538 335 3606 9)
353 3537 380 3590 Π
398 3543 431 3591 30
449 3555 477 3606 p.
498 3542 540 3606 70,
560 3543 601 3591 20.
631 3537 699 3592 Cum
717 3540 837 3606 utraque
855 3537 954 3592 fabula
972 3535 1182 3603 caerimoniam,
1208 3553 1264 3607 qua
1283 3536 1345 3605 Syri
1363 3537 1393 3590 et

218 3617 354 3686 Aegyptii
372 3617 477 3672 bestias
496 3617 634 3685 quaedam
652 3618 755 3683 colunt,
774 3617 844 3687 fuga
863 3617 978 3671 deorum
997 3619 1026 3671 et
1043 3617 1336 3687 transfigurationibus
1351 3616 1393 3670 ita

219 3696 349 3750 similiter
368 3697 502 3767 explicet,
525 3699 558 3751 ut
581 3698 654 3752 duae
676 3696 758 3751 unius
781 3697 949 3752 narrationis
968 3699 1064 3766 partes
1082 3699 1229 3766 putentur,
1255 3696 1392 3750 coniciam

219 3775 390 3846 Diognetum
403 3777 588 3846 Erytbraeum
602 3795 690 3832 unum
704 3793 764 3832 esse
779 3793 794 3830 6
810 3777 923 3846 ‘poetis'
939 3778 1034 3832 citatis
1053 3777 1135 3848 (Hyg.
1150 3776 1176 3829 H
1190 3782 1223 3830 28
1237 3795 1264 3845 p.
1281 3781 1323 3842 69,
1339 3777 1391 3845 23).

218 3855 293 3910 Nam
315 3858 491 3912 sacerdotum
511 3858 715 3928 Aegyptiorum
738 3857 935 3912 anctoritatem
957 3858 1101 3927 Hyginum
1124 3856 1256 3910 simulare
1278 3856 1392 3909 demon-

220 3937 320 3990 stravit
341 3937 489 3992 Jablonski
507 3937 616 4007 (Panth.
636 3937 755 4007 Aegypt.
775 3937 813 3989 HI
830 3955 858 4005 p.
878 3942 911 3990 49
923 3939 1001 4008 sqq).
1038 3937 1116 3989 Illius
1140 3935 1256 4000 aetium,
1284 3936 1314 3988 in
1337 3951 1392 4003 quo

219 4015 342 4070 Piscium
361 4017 547 4071 catasterismi
565 4019 594 4071 et
609 4016 769 4086 Capricorni
790 4017 909 4070 breviter
926 4016 1030 4085 prolati
1044 4017 1131 4080 erant,
1151 4015 1278 4083 pervenit
1297 4011 1392 4080 aliquo

220 4097 302 4150 modo
330 4097 361 4150 in
388 4096 554 4151 fabularum
576 4098 747 4151 siderearum
773 4097 910 4167 syllogam
935 4098 964 4150 et
989 4096 1106 4148 duorum
1130 4095 1274 4163 signorum
1299 4092 1392 4162 gratia

221 4176 387 4231 distectum
406 4179 455 4230 est.
484 4176 527 4230 Ibi
546 4177 654 4231 invenit
671 4176 799 4246 Hyginus
818 4175 1007 4230 narrationem
1026 4177 1055 4228 et
1073 4173 1194 4227 auctoris
1213 4188 1321 4226 nomen.
1350 4171 1392 4224 De

221 4256 330 4325 origine
348 4257 464 4311 fabulae
482 4257 570 4326 ipsius
590 4259 619 4311 et
637 4254 723 4310 simili
736 4255 824 4309 Piscis
838 4255 952 4310 maioris
967 4253 1158 4308 catasterismo
1174 4252 1318 4321 disputare
1331 4250 1392 4303 lorr-

221 4353 289 4405 gum
308 4339 351 4390 est
369 4336 413 4407 (ct.
433 4337 565 4403 Holland‚
585 4337 721 4406 Philolog.
742 4340 775 4388 69
795 4354 821 4405 p.
841 4340 892 4389 348
902 4353 971 4403 sqq.‚
991 4335 1039 4403 qui
1058 4332 1251 4402 quaestionem
1268 4346 1324 4384 non
1343 4329 1392 4382 ab·

222 4415 323 4486 solvit).

294 4498 338 4570 10)
357 4497 406 4566 qui
425 4497 496 4551 duas
514 4497 550 4550 de
568 4495 696 4551 Piscibus
715 4495 827 4550 fabulas
845 4497 875 4549 in
893 4509 949 4548 uno
968 4494 1046 4549 fonte
1064 4491 1203 4547 invenisse
1221 4491 1338 4545 videtur.
