3292 5200
660 377 880 442 -45-.

186 533 290 600 1652.
314 535 507 600 11νί60650.
528 536 600 600 832.
621 535 714 620 838),
743 547 773 601 et
802 543 853 619 qui
876 541 1036 620 Aquarium
1060 540 1259 620 Ganymedem
1288 559 1353 602 esse

186 637 406 716 interpretatur,
424 635 542 697 Iuvenis
557 655 719 715 cognomen
734 636 777 696 illi
792 656 845 699 suo
861 641 924 698 iure
940 637 1082 699 attribuit.
1089 631 1115 720 1)
1153 636 1354 716 Intellegimus

186 750 280 811 neque
305 733 465 812 sphaeram
483 734 585 793 Manili
607 734 717 794 iontem
737 735 829 795 luisse
848 754 944 814 neque
964 735 1082 796 illorum
1101 735 1352 796 necessitudinem

186 831 367 908 argumentis
391 849 408 889 a
429 829 564 891 Wiechio
588 830 683 892 allatis
706 831 936 893 demonstratam
959 851 1035 895 esse.

661 1034 875 1044 ————

640 1224 896 1328 llpimetrum.

272 1386 498 1449 Catasterismos
522 1396 602 1448 recte
626 1407 672 1448 me
697 1391 898 1450 aestimavisse
922 1397 955 1451 ut
978 1389 1188 1473 demonstrem,
1211 1399 1317 1452 restat:
1434 1405 1447 1416 ⁸

386 1543 411 1609 I.
437 1544 483 1609 De
507 1544 663 1632 ampliore
687 1544 987 1612 Gatasterismorum
1011 1546 1148 1633 sylloge.

271 1687 399 1750 Pristina
428 1707 530 1749 eorum
558 1691 713 1768 integritas
737 1691 884 1769 quomodo
907 1692 1090 1752 restituenda
1115 1693 1167 1772 sit,
1194 1693 1252 1751 viri
1274 1692 1353 1752 docti

183 1785 370 1847 dissentiunt.
416 1786 453 1846 ht
474 1787 723 1865 proficiscendum
747 1795 793 1848 est
815 1807 832 1848 a
856 1787 976 1849 scholiis
999 1788 1080 1849 Arati
1103 1787 1196 1849 latini.
1242 1787 1353 1848 Eorum

182 1885 262 1942 enim
285 1886 382 1943 versio
406 1883 510 1964 latina,
534 1903 621 1963 quam
645 1904 680 1946 ex
704 1884 808 1945 eodem
832 1885 912 1946 sonte
936 1895 1023 1964 atque
1047 1885 1180 1946 codicem
1203 1885 1226 1944 T
1251 1885 1350 1945 Gatas-

183 1982 373 2040 terismorum
404 1999 419 2041 a
446 1979 569 2041 Rehmio
602 2000 696 2061 nuper
725 1982 895 2060 indagatum
925 1982 1046 2042 fluxisse
1076 1985 1107 2043 in
1138 1983 1274 2043 confesso
1305 1985 1353 2062 sit,

184 2076 266 2137 illum
290 2079 331 2138 ita
355 2077 480 2159 supplet,
505 2086 539 2139 ut
561 2081 626 2139 eius
649 2082 853 2139 recensionem
877 2098 893 2139 a
916 2082 1024 2140 ceteris
1047 2081 1258 2158 manuscriptis
1282 2078 1352 2139 alie-

181 2192 250 2234 nam
274 2177 362 2234 etiam
385 2177 416 2235 in
440 2177 484 2235 eis
507 2174 641 2255 partibus
664 2183 803 2257 praestet,
827 2195 900 2255 quas
923 2179 987 2255 ipse
1007 2179 1124 2237 omittit.
1165 2176 1267 2255 ltaque
1287 2194 1351 2235 ver-

182 2273 296 2331 sionem
319 2271 430 2332 codicis
453 2275 548 2333 instar
570 2272 663 2332 habeo
682 2292 779 2352 neque
799 2273 901 2334 dubito
921 2275 1027 2353 omnia,
1053 2273 1161 2352 quihus
1185 2272 1277 2333 libros
1301 2272 1352 2333 ad-

180 2368 238 2429 huc
261 2376 347 2429 notos
372 2378 491 2448 superat
514 2378 544 2430 et
567 2389 634 2431 cum
653 2370 761 2449 Hygini
784 2373 962 2431 astronomia
983 2369 1209 2448 Germanicique
1229 2369 1350 2429 scholiis

180 2470 337 2547 consentit,
356 2469 484 2544 genuina
502 2485 630 2546 veraque
649 2486 809 2546 agnoscere
829 2471 907 2529 etin
927 2467 1098 2546 ampliorem
1114 2466 1221 2528 Catast.
1237 2466 1349 2527 librum

181 2562 324 2625 reducere
344 2558 395 2646 (cl.
411 2564 515 2645 Maass,
533 2565 606 2643 prol.
622 2584 648 2643 p.
664 2560 829 2649 XXXVlll).
867 2565 1021 2625 Consensu
1039 2567 1119 2625 euim
1137 2564 1256 2624 illorum
1275 2582 1350 2643 opus

180 2667 238 2736 est,
267 2679 334 2721 cum
361 2661 639 2740 interpolationibus
667 2665 834 2741 perspicuis
861 2665 958 2722 versio
984 2680 1043 2722 nou
1067 2655 1190 2740 prorsus
1214 2669 1297 2721 vacet
1320 2668 1350 2721 et
1463 2701 1464 2704 =

180 2760 245 2817 eius
269 2759 404 2818 codicum
428 2759 604 2837 archetypus
628 2769 707 2822 esset
729 2759 881 2819 mutilatus
905 2753 955 2840 (cl.
975 2758 1070 2819 Maass
1090 2760 1107 2818 l.
1127 2759 1144 2819 l.
1164 2778 1191 2837 p.
1211 2758 1348 2819 XXXVII.

59 2882 61 2888 v
179 2853 263 2914 XLll.
287 2854 381 2915 Rehm
399 2874 443 2934 pr.
463 2874 490 2933 p.
509 2850 623 2938 Vlsq.).
669 2855 705 2914 ht
724 2874 783 2915 non
803 2856 897 2915 solum
917 2856 1043 2933 amplius
1062 2857 1170 2916 ceteris
1190 2856 1241 2915 sed
1262 2859 1351 2915 etiam

179 2954 325 3030 integrius
349 2954 413 3012 eius
437 2953 586 3031 exemplar
609 2953 677 3032 luit,
703 2952 781 3030 quod
805 2971 820 3011 e
845 2951 990 3030 capitibus
1015 2952 1126 3012 codicis
1149 2951 1173 3010 T
1197 2951 1349 3011 difficilius

180 3048 369 3127 intellegitur.
415 3049 472 3109 Pro
500 3050 600 3110 multis
629 3050 686 3110 duo
715 3047 900 3128 argumenta!
946 3047 1099 3129 Fabulam,
1128 3067 1202 3127 quae
1231 3050 1262 3108 in
1287 3048 1347 3109 Cat.

180 3145 216 3206 de
235 3146 396 3225 Scorpione
416 3154 462 3207 est
481 3141 523 3229 (p.
541 3145 612 3228 196,
631 3141 738 3229 1-7),
757 3165 793 3206 ex
812 3147 891 3206 Arati
912 3145 1023 3205 scholio
1043 3139 1093 3228 (ad
1113 3165 1137 3205 v.
1156 3139 1236 3229 636)
1256 3148 1346 3206 inter-

179 3242 306 3322 polatam
333 3262 399 3304 esse
428 3263 487 3304 non
514 3247 629 3324 primus
658 3244 724 3304 dico
748 3238 798 3328 (01.
818 3244 912 3303 Rehm
930 3262 957 3322 p.
980 3236 1050 3325 19),
1080 3245 1165 3304 cuius
1194 3246 1349 3304 veritatem

180 3343 342 3401 sententiae
366 3341 455 3402 verba
477 3349 627 3422 postrema
645 3334 785 3424 (7-11)
804 3342 993 3421 patefaciunt,
1016 3343 1126 3419 quippe
1150 3358 1224 3418 quae
1247 3359 1347 3400 narra-

179 3439 290 3498 tionem
309 3437 428 3498 Orionis
452 3457 483 3498 se
507 3441 644 3499 iactantis
667 3456 727 3499 non
745 3438 868 3498 Dianam
890 3438 1034 3498 laedentis
1054 3439 1206 3515 attingant.
1242 3438 1348 3498 Veram

180 3543 349 3613 rectamque
373 3538 438 3595 eius
457 3536 581 3596 formam
600 3535 681 3596 hrati
699 3536 783 3596 latini
802 3539 950 3614 interpres
974 3529 1016 3618 (p.
1039 3530 1110 3616 196,
1130 3529 1254 3617 2-11)
1279 3555 1348 3596 con·

181 3649 269 3694 sensu
292 3631 400 3710 Hygini
423 3625 466 3715 (p.
487 3631 538 3713 68,
559 3627 669 3715 1660.)
693 3632 918 3710 Germanicique
943 3632 1122 3692 scholiorum
1148 3630 1193 3715 (B.
1208 3632 1237 3692 P.
1254 3651 1281 3710 p.
1298 3632 1349 3714 63,

180 3725 304 3810 9-13)
328 3730 450 3808 profert.
500 3729 591 3790 Porro
624 3729 752 3791 fabulam
783 3729 876 3790 Ursae
909 3731 1030 3789 maioris
1063 3728 1216 3789 liberatam
1247 3731 1348 3809 priore

179 3832 261 3904 parte
290 3825 384 3887 aliena
412 3829 590 3887 narrationis
614 3827 793 3906 Amphideae
817 3834 1057 3905 contractamque
1081 3828 1112 3886 iu
1136 3825 1243 3886 Catast.
1268 3828 1348 3888 codi-

180 3922 263 3984 cibus
286 3931 403 3984 exstare
426 3927 606 4003 comparatio
630 3924 756 3983 aliorum
779 3926 958 4002 scriptorum
983 3920 1067 4004 (Hyg.
1089 3942 1116 4001 p.
1137 3921 1189 4004 30,
1212 3919 1347 3986 15-20.

179 4018 210 4079 B.
224 4019 254 4080 P.
269 4039 296 4098 p.
312 4016 364 4101 58,
379 4017 502 4099 9-12)
526 4021 679 4100 probabile
703 4023 773 4082 lacit
797 4018 847 4102 (ci.
871 4019 989 4080 Rohert.
1013 4039 1041 4098 p.
1063 4019 1112 4080 12.
1134 4015 1202 4103 14),
1226 4021 1347 4082 demon-

180 4123 274 4177 strant
295 4118 352 4177 hoc
374 4117 485 4178 scholia
507 4118 596 4178 latina
620 4113 662 4200 (p.
684 4114 825 4200 181sq.).
866 4117 949 4177 Haud
974 4116 1062 4177 dubie
1087 4119 1178 4194 igitur
1197 4119 1348 4197 exemplar

179 4215 310 4275 nondum
328 4214 410 4275 Arati
433 4214 554 4275 scholiis
578 4222 750 4293 corruptum
774 4220 1015 4295 amputatumque
1039 4233 1054 4274 a
1078 4214 1231 4276 redactore
1250 4216 1281 4275 id
1301 4226 1347 4277 est

200 4515 202 4520 Ι
267 4441 292 4514 1)
311 4437 337 4492 Π
350 4443 411 4492 406.
427 4443 494 4493 492.Ι
503 4445 561 4494 568.
578 4444 637 4493 666.
657 4437 695 4494 IV
709 4445 768 4494 260.
785 4445 843 4494 357.
861 4444 919 4494 385.
936 4444 994 4494 709.
1011 4445 1069 4495 191.
1089 4439 1115 4492 V
1128 4444 1187 4493 488.
1204 4443 1263 4496 506.
