3292 5200
645 413 862 476 ..15-

169 592 261 636 casse.
306 572 381 633 Nam
409 573 532 634 verbum
556 570 696 635 ‘oriendi’
723 573 759 634 ad
789 573 871 635 sidus
899 581 929 634 et
956 593 1012 635 vox
1036 571 1123 654 ‘ipsa’
1147 574 1340 635 antecedente

168 690 238 732 voce
268 667 389 751 ‘puella'
418 665 456 754 (V
475 667 541 734 254
551 670 609 752 sq.)
638 671 673 731 ad
703 670 783 732 illam
813 678 955 750 spectant.
1001 671 1073 733 liius
1104 674 1341 734 catasterismnm

168 769 307 830 Manilius
329 769 450 849 quidem
474 771 626 848 expressis
648 768 748 829 verbis
772 786 917 848 nusquam
941 777 1153 830 commemorat
1171 776 1201 830 et
1219 769 1341 849 plurimi

169 860 363 951 scriptores1)
392 885 457 928 eam
484 865 682 927 immortalem
709 866 816 927 laetam
843 885 901 927 una
930 885 998 927 cnm
1023 866 1138 928 Baccho
1166 869 1198 927 in
1226 866 1340 928 caelum

167 967 283 1025 vexisse
306 964 442 1046 tradunt,
468 964 520 1026 sed
543 964 655 1043 aliquot
678 981 841 1043 gravesque
865 971 994 1045 exstant,
1018 967 1069 1043 qni
1092 964 1235 1044 scaligeri
1259 983 1338 1026 com·

168 1061 295 1140 probant
317 1064 503 1123 sententiam.
548 1061 666 1122 Primus
689 1061 862 1141 Propertius
885 1056 1083 1143 11117,8²):

260 1165 302 1230 ‘te
326 1168 500 1248 [Bacchum]
525 1187 643 1249 quoque
668 1171 747 1230 enim
766 1187 826 1229 non
845 1187 911 1229 esse
930 1169 1036 1231 rudem
1054 1175 1181 1230 testatur
1200 1171 1231 1230 in
1250 1171 1339 1230 astris

256 1265 405 1346 Lyncibus
428 1266 464 1327 ad
489 1265 602 1328 caelum
626 1274 708 1327 vecta
731 1266 858 1327 Ariadna
881 1263 964 1348 tuis',

72 1370 74 1375 ’
168 1372 274 1442 deinde
289 1372 411 1454 Seneca,
426 1374 477 1452 qui
490 1372 654 1433 Phaedram
667 1373 824 1434 Ariadnam
839 1375 880 1434 ita
894 1375 1080 1434 invocantem
1094 1375 1178 1452 lingit
1191 1366 1232 1457 (r.
1243 1367 1338 1457 663):

257 1476 308 1561 ‘te,
330 1486 369 1560 te,
393 1497 486 1559 soror,
509 1497 685 1560 quacunque
710 1479 820 1541 siderei
842 1478 904 1559 poli

256 1579 288 1638 in
310 1584 394 1656 parte
418 1575 522 1658 fulges,
544 1579 671 1639 invoco.
687 1574 739 1659 ..ζ

166 1683 213 1745 his
238 1683 347 1745 similia
371 1683 460 1744 verba
483 1691 553 1745 sunt
575 1683 674 1745 Nonni
698 1678 830 1768 (Dionys.
854 1684 954 1745 XLVII
974 1679 1066 1768 703):

753 1788 796 1852 ‘sl
818 1785 918 1872 χθονὶ
942 1789 1061 1871 λάμπει

327 1883 447 1970 αἰθέρα
470 1885 668 1952 ναιετάουσα
691 1886 771 1969 μετά
794 1887 929 1969 Κρήτην
948 1881 1139 1970 Ἀριάδνη;’,

167 2002 230 2057 tum
253 1995 384 2058 lustinus
407 1995 526 2076 Martyr.
551 1990 597 2080 (in
620 1994 701 2075 Apol.
720 1995 733 2055 l
757 1995 792 2056 ad
816 1995 920 2056 Anton.
944 1995 1029 2056 Pium
1053 2015 1077 2056 c.
1097 1989 1170 2079 21):

137 2155 140 2160 ,
257 2099 276 2162 ³.
296 2149 302 2162 .
323 2149 330 2164 .
352 2101 388 2164 τί
407 2099 470 2184 γάρ
495 2097 634 2183 λέγομεν
656 2099 717 2182 την
737 2095 915 2184 Ἀριάδνην
933 2097 987 2164 καὶ
1006 2101 1083 2175 τοὺς
1102 2099 1224 2183 ὁμοίως
1241 2098 1338 2183 αὐτηι

256 2199 511 2282 κατηστερίσθαι
534 2195 754 2281 λεγομένονς’,
934 2193 937 2198 ’

168 2307 295 2387 denique
318 2306 491 2368 Eustathius
514 2309 566 2385 qui
589 2306 624 2367 ad
648 2306 701 2367 Od.
720 2305 757 2366 lll
776 2305 841 2369 324
864 2307 996 2368 adnotat:

256 2409 304 2475 ‘ot‘
324 2405 385 2493 μὲν
406 2411 565 2494 νεώτεροί
585 2427 667 2494 φασι
757 2409 898 2494 ὕστερον
921 2406 959 2474 δὲ
982 2407 1018 2473 ἐν
1040 2420 1110 2485 τοῖς
1132 2409 1265 2493 άστροις
1286 2432 1338 2474 τε-

254 2511 357 2590 θῆναι
382 2507 487 2590 αὐτην
506 2503 684 2593 (Ariadnen)
703 2530 738 2572 τε
761 2505 817 2572 καὶ
840 2510 900 2573 τὸν
924 2505 1071 2592 ῥηθέντα
1094 2503 1260 2592 στέφανον
1281 2505 1337 2572 καὶ

255 2607 313 2670 τὸν
337 2604 434 2688 αὐτῆι
457 2603 755 2670 άποκολονθοῦντα
777 2605 884 2670 κύνα.

166 2714 311 2774 Ariadnae
340 2716 577 2775 catasterismum
606 2722 636 2774 et
662 2717 759 2794 poetis
782 2715 940 2793 Augusteis
970 2722 1000 2776 et
1022 2714 1265 2795 compilatoribus
1289 2735 1337 2777 ae-

166 2814 234 2871 tatis
262 2812 438 2889 posterioris
466 2818 568 2872 notum
596 2812 689 2871 luisse
713 2813 759 2872 his
783 2831 799 2872 e
825 2815 1004 2873 testimoniis
1028 2832 1096 2874 cum
1120 2813 1249 2893 eluceat,
1278 2816 1337 2874 iam

167 2908 269 2969 doctos
292 2907 515 2989 Alexandrinos,
537 2909 648 2969 fontem
673 2907 792 2970 illorum
815 2928 1011 2990 communem,
1035 2929 1102 2970 eum
1126 2911 1248 2971 finxisse
1272 2913 1337 2971 iure

166 3006 385 3065 ratiocinamur.
431 3004 510 3065 Haec
538 3007 684 3066 sententia
713 3023 748 3065 eo
776 3007 924 3087 firmatur,
954 3007 1032 3086 quod
1057 3006 1140 3066 illum
1164 3011 1336 3085 cognovisse

165 3102 303 3162 videntur
326 3104 415 3162 etiam
440 3101 513 3184 Cat,
545 3105 653 3183 quippe
683 3106 734 3183 qui
762 3112 876 3182 septem
900 3103 999 3164 stellas
1023 3103 1059 3163 ad
1082 3103 1190 3187 Leonis
1214 3103 1336 3163 caudam

166 3202 238 3260 sitas
266 3199 436 3280 πλόκαμον
457 3194 632 3281 Ἀριάδνης
660 3193 1007 3284 appellent(p.193h).
1053 3197 1190 3259 Manilius
1218 3218 1336 3279 quoque

166 3296 201 3357 ab
234 3295 293 3356 illis
325 3296 423 3376 aliquo
457 3297 543 3357 modo
575 3298 703 3377 pendeat
734 3300 860 3360 sortasse
892 3297 996 3358 Ouidio
1029 3297 1216 3357 intermedio.
1261 3296 1335 3357 Nam

165 3393 250 3453 Ovidi
274 3392 362 3454 verba
386 3388 465 3477 (last.
484 3390 623 3480 111513)
647 3393 780 3475 ‘sintque
803 3403 870 3456 tuae
894 3404 992 3456 tecum
1017 3394 1120 3454 faciam
1145 3402 1335 3455 monumenta

166 3487 310 3552 Coronae’
343 3493 408 3552 iure
435 3501 561 3571 possunt
588 3493 721 3572 intellegi
748 3493 785 3553 de
813 3493 956 3553 Ariadnae
985 3486 1229 3575 catasterismo.³)
1279 3492 1336 3552 To-

165 3596 225 3649 tam
256 3591 347 3667 igitur
379 3588 506 3651 fabulam
536 3577 678 3650 Manilius>¹
706 3591 783 3670 apud
815 3589 951 3651 Ovidium
984 3591 1118 3649 invenire
1151 3592 1255 3668 potuit.
1301 3592 1337 3651 At

166 3686 252 3747 sedes
275 3687 419 3746 Ariadnae
448 3687 585 3748 caelestis
612 3687 698 3748 nobis
728 3695 783 3752 est
801 3687 972 3765 indaganda.
1019 3686 1093 3747 Cum
1120 3690 1185 3747 eius
1214 3687 1296 3748 sidus
1320 3706 1336 3747 a

255 3933 280 3999 1)
299 3930 412 3984 Hesiod.
432 3930 535 4001 Theog.
557 3937 621 3999 9493
641 3931 754 3986 Lucian.
774 3931 848 3985 deor.
869 3947 942 3984 cons.
963 3948 985 3984 c.
1000 3929 1039 3998 V3
1059 3928 1152 3993 Quint.
1173 3929 1280 3998 Smyrn.
1296 3929 1336 3982 IV

166 4014 216 4063 387
227 4027 301 4080 sqq.;
320 4009 393 4080 Hyg.
413 4010 432 4062 f.
448 4017 512 4078 2243
531 4011 637 4065 Probus
657 4013 693 4065 ad
708 4011 755 4065 Ge.
771 4011 862 4077 12223
882 4010 1009 4064 Laetant.
1030 4008 1083 4060 div.
1103 4008 1167 4061 inst.
1183 4008 1196 4060 I
1210 4013 1243 4061 10
1257 4027 1284 4077 p.
1301 4012 1335 4060 36

166 4090 324 4158 (exscripsit
342 4089 473 4143 Ovidium
487 4091 550 4144 fast.
565 4092 605 4144 ΠΙ
618 4096 670 4145 510
679 4094 748 4161 sqq).
890 4113 893 4121 ¹

254 4173 280 4239 2)
298 4169 413 4224 Naecke
428 4170 599 4240 (Valentini.
611 4171 653 4224 ed.
664 4190 691 4240 p.
703 4173 764 4242 181)
779 4173 808 4224 et
817 4169 965 4225 Rothstein
975 4169 1015 4242 (in
1025 4167 1102 4238 edit.)
1112 4167 1335 4221 Brouckhnsinm

166 4250 254 4303 secuti
272 4266 366 4304 versus
384 4250 459 4304 male
477 4251 627 4320 explicant.

254 4331 281 4400 3)
299 4329 406 4383 Eodem
423 4332 507 4385 modo
525 4347 620 4385 versus
638 4330 839 4400 intorpretatur
857 4329 957 4384 Daniel
975 4328 1087 4395 Peneus,
1109 4327 1206 4397 quiin
1224 4327 1335 4381 schedis

167 4408 223 4462 suia
247 4409 364 4464 adnotat
389 4410 528 4464 ‘solebant
550 4411 683 4464 nimirum
706 4411 739 4464 od
763 4409 848 4480 μόνον
866 4409 915 4464 τὸν
934 4407 1074 4478 στέφανον
1093 4407 1161 4462 ἀλλὰ
1179 4409 1229 4462 καὶ
1247 4407 1335 4478 αὐτὴν

166 4487 216 4559 τὴν
230 4485 379 4560 Ἀριάδνην
397 4487 621 4560 καταστερίζειν’.
643 4490 687 4561 (of.
703 4490 819 4556 Merkel,
832 4489 903 4559 prol.
919 4489 997 4543 Ovid.
1012 4487 1076 4542 fest.
1091 4507 1118 4557 p.
1133 4486 1198 4560 XO).
